%YAML 1.1
%TAG !u! tag:unity3d.com,2011:
--- !u!1 &4517695065923997559
GameObject:
  m_ObjectHideFlags: 0
  m_CorrespondingSourceObject: {fileID: 0}
  m_PrefabInstance: {fileID: 0}
  m_PrefabAsset: {fileID: 0}
  serializedVersion: 6
  m_Component:
  - component: {fileID: 4517695065923997556}
  - component: {fileID: 4517695065923997546}
  - component: {fileID: 4517695065923997557}
  m_Layer: 0
  m_Name: pTorus4 (1)
  m_TagString: Untagged
  m_Icon: {fileID: 0}
  m_NavMeshLayer: 0
  m_StaticEditorFlags: 0
  m_IsActive: 0
--- !u!4 &4517695065923997556
Transform:
  m_ObjectHideFlags: 0
  m_CorrespondingSourceObject: {fileID: 0}
  m_PrefabInstance: {fileID: 0}
  m_PrefabAsset: {fileID: 0}
  m_GameObject: {fileID: 4517695065923997559}
  m_LocalRotation: {x: -0.5816621, y: 0.093677305, z: 0.1284767, w: 0.79773897}
  m_LocalPosition: {x: 0.0114000505, y: 0.055816647, z: 0.0016728375}
  m_LocalScale: {x: 1, y: 1, z: 1}
  m_Children: []
  m_Father: {fileID: 8919563182095344733}
  m_RootOrder: 4
  m_LocalEulerAnglesHint: {x: -72.194, y: 0, z: 18.298}
--- !u!33 &4517695065923997546
MeshFilter:
  m_ObjectHideFlags: 0
  m_CorrespondingSourceObject: {fileID: 0}
  m_PrefabInstance: {fileID: 0}
  m_PrefabAsset: {fileID: 0}
  m_GameObject: {fileID: 4517695065923997559}
  m_Mesh: {fileID: -3968828189106086409, guid: ad163000d3735b7429717ccb3b17b376, type: 3}
--- !u!23 &4517695065923997557
MeshRenderer:
  m_ObjectHideFlags: 0
  m_CorrespondingSourceObject: {fileID: 0}
  m_PrefabInstance: {fileID: 0}
  m_PrefabAsset: {fileID: 0}
  m_GameObject: {fileID: 4517695065923997559}
  m_Enabled: 1
  m_CastShadows: 1
  m_ReceiveShadows: 1
  m_DynamicOccludee: 1
  m_MotionVectors: 1
  m_LightProbeUsage: 1
  m_ReflectionProbeUsage: 1
  m_RayTracingMode: 2
  m_RenderingLayerMask: 1
  m_RendererPriority: 0
  m_Materials:
  - {fileID: 2100000, guid: c9f1d145efb30fb4eb8a7da1de6cfa97, type: 2}
  m_StaticBatchInfo:
    firstSubMesh: 0
    subMeshCount: 0
  m_StaticBatchRoot: {fileID: 0}
  m_ProbeAnchor: {fileID: 0}
  m_LightProbeVolumeOverride: {fileID: 0}
  m_ScaleInLightmap: 1
  m_ReceiveGI: 1
  m_PreserveUVs: 0
  m_IgnoreNormalsForChartDetection: 0
  m_ImportantGI: 0
  m_StitchLightmapSeams: 1
  m_SelectedEditorRenderState: 3
  m_MinimumChartSize: 4
  m_AutoUVMaxDistance: 0.5
  m_AutoUVMaxAngle: 89
  m_LightmapParameters: {fileID: 0}
  m_SortingLayerID: 0
  m_SortingLayer: 0
  m_SortingOrder: 0
--- !u!1 &4517695065935912221
GameObject:
  m_ObjectHideFlags: 0
  m_CorrespondingSourceObject: {fileID: 0}
  m_PrefabInstance: {fileID: 0}
  m_PrefabAsset: {fileID: 0}
  serializedVersion: 6
  m_Component:
  - component: {fileID: 4517695065935912208}
  - component: {fileID: 4517695065935912211}
  - component: {fileID: 4517695065935912210}
  m_Layer: 0
  m_Name: Main Camera 2
  m_TagString: MainCamera
  m_Icon: {fileID: 0}
  m_NavMeshLayer: 0
  m_StaticEditorFlags: 0
  m_IsActive: 1
--- !u!4 &4517695065935912208
Transform:
  m_ObjectHideFlags: 0
  m_CorrespondingSourceObject: {fileID: 0}
  m_PrefabInstance: {fileID: 0}
  m_PrefabAsset: {fileID: 0}
  m_GameObject: {fileID: 4517695065935912221}
  m_LocalRotation: {x: 0.26816583, y: 0.76546687, z: -0.35744616, w: 0.4630117}
  m_LocalPosition: {x: -7.973093, y: 12.743053, z: 3.5571978}
  m_LocalScale: {x: 1, y: 1, z: 1}
  m_Children: []
  m_Father: {fileID: 4517695066850339325}
  m_RootOrder: 11
  m_LocalEulerAnglesHint: {x: 52.708004, y: 121.40401, z: 7.544}
--- !u!20 &4517695065935912211
Camera:
  m_ObjectHideFlags: 0
  m_CorrespondingSourceObject: {fileID: 0}
  m_PrefabInstance: {fileID: 0}
  m_PrefabAsset: {fileID: 0}
  m_GameObject: {fileID: 4517695065935912221}
  m_Enabled: 1
  serializedVersion: 2
  m_ClearFlags: 2
  m_BackGroundColor: {r: 0.43137258, g: 0.30588236, b: 0.4901961, a: 0}
  m_projectionMatrixMode: 1
  m_GateFitMode: 2
  m_FOVAxisMode: 0
  m_SensorSize: {x: 36, y: 24}
  m_LensShift: {x: 0, y: 0}
  m_FocalLength: 50
  m_NormalizedViewPortRect:
    serializedVersion: 2
    x: 0
    y: 0
    width: 1
    height: 1
  near clip plane: 0.3
  far clip plane: 1000
  field of view: 34
  orthographic: 0
  orthographic size: 5
  m_Depth: -1
  m_CullingMask:
    serializedVersion: 2
    m_Bits: 4294967295
  m_RenderingPath: -1
  m_TargetTexture: {fileID: 0}
  m_TargetDisplay: 0
  m_TargetEye: 3
  m_HDR: 1
  m_AllowMSAA: 1
  m_AllowDynamicResolution: 0
  m_ForceIntoRT: 0
  m_OcclusionCulling: 1
  m_StereoConvergence: 10
  m_StereoSeparation: 0.022
--- !u!81 &4517695065935912210
AudioListener:
  m_ObjectHideFlags: 0
  m_CorrespondingSourceObject: {fileID: 0}
  m_PrefabInstance: {fileID: 0}
  m_PrefabAsset: {fileID: 0}
  m_GameObject: {fileID: 4517695065935912221}
  m_Enabled: 1
--- !u!1 &4517695066850339324
GameObject:
  m_ObjectHideFlags: 0
  m_CorrespondingSourceObject: {fileID: 0}
  m_PrefabInstance: {fileID: 0}
  m_PrefabAsset: {fileID: 0}
  serializedVersion: 6
  m_Component:
  - component: {fileID: 4517695066850339325}
  m_Layer: 0
  m_Name: Level Pouring Cereal
  m_TagString: Untagged
  m_Icon: {fileID: 0}
  m_NavMeshLayer: 0
  m_StaticEditorFlags: 0
  m_IsActive: 1
--- !u!4 &4517695066850339325
Transform:
  m_ObjectHideFlags: 0
  m_CorrespondingSourceObject: {fileID: 0}
  m_PrefabInstance: {fileID: 0}
  m_PrefabAsset: {fileID: 0}
  m_GameObject: {fileID: 4517695066850339324}
  m_LocalRotation: {x: 0, y: 0, z: 0, w: 1}
  m_LocalPosition: {x: 1.5130929, y: 0.93694735, z: 0.06280208}
  m_LocalScale: {x: 1, y: 1, z: 1}
  m_Children:
  - {fileID: 8919563181934572381}
  - {fileID: 8919563182095344733}
  - {fileID: 8919563180957586080}
  - {fileID: 8919563181837671567}
  - {fileID: 8919563181483678731}
  - {fileID: 8919563180845185261}
  - {fileID: 8919563181351519478}
  - {fileID: 8919563182354180565}
  - {fileID: 8919563182453364624}
  - {fileID: 8919563181959940771}
  - {fileID: 8919563182349291842}
  - {fileID: 4517695065935912208}
  m_Father: {fileID: 0}
  m_RootOrder: 0
  m_LocalEulerAnglesHint: {x: 0, y: 0, z: 0}
--- !u!1 &4517695067625374800
GameObject:
  m_ObjectHideFlags: 0
  m_CorrespondingSourceObject: {fileID: 0}
  m_PrefabInstance: {fileID: 0}
  m_PrefabAsset: {fileID: 0}
  serializedVersion: 6
  m_Component:
  - component: {fileID: 4517695067625374801}
  - component: {fileID: 4517695067625374807}
  - component: {fileID: 4517695067625374806}
  m_Layer: 0
  m_Name: pTorus3 (1)
  m_TagString: Untagged
  m_Icon: {fileID: 0}
  m_NavMeshLayer: 0
  m_StaticEditorFlags: 0
  m_IsActive: 0
--- !u!4 &4517695067625374801
Transform:
  m_ObjectHideFlags: 0
  m_CorrespondingSourceObject: {fileID: 0}
  m_PrefabInstance: {fileID: 0}
  m_PrefabAsset: {fileID: 0}
  m_GameObject: {fileID: 4517695067625374800}
  m_LocalRotation: {x: 0.4975034, y: -0.000000059604645, z: -0.00000004004687, w: 0.86746204}
  m_LocalPosition: {x: 6.003606e-10, y: 0.0636, z: -0.0051999986}
  m_LocalScale: {x: 1, y: 1, z: 1}
  m_Children: []
  m_Father: {fileID: 8919563182095344733}
  m_RootOrder: 6
  m_LocalEulerAnglesHint: {x: 59.670002, y: 0, z: 0}
--- !u!33 &4517695067625374807
MeshFilter:
  m_ObjectHideFlags: 0
  m_CorrespondingSourceObject: {fileID: 0}
  m_PrefabInstance: {fileID: 0}
  m_PrefabAsset: {fileID: 0}
  m_GameObject: {fileID: 4517695067625374800}
  m_Mesh: {fileID: 450443091681560433, guid: ad163000d3735b7429717ccb3b17b376, type: 3}
--- !u!23 &4517695067625374806
MeshRenderer:
  m_ObjectHideFlags: 0
  m_CorrespondingSourceObject: {fileID: 0}
  m_PrefabInstance: {fileID: 0}
  m_PrefabAsset: {fileID: 0}
  m_GameObject: {fileID: 4517695067625374800}
  m_Enabled: 1
  m_CastShadows: 1
  m_ReceiveShadows: 1
  m_DynamicOccludee: 1
  m_MotionVectors: 1
  m_LightProbeUsage: 1
  m_ReflectionProbeUsage: 1
  m_RayTracingMode: 2
  m_RenderingLayerMask: 1
  m_RendererPriority: 0
  m_Materials:
  - {fileID: 2100000, guid: c9f1d145efb30fb4eb8a7da1de6cfa97, type: 2}
  m_StaticBatchInfo:
    firstSubMesh: 0
    subMeshCount: 0
  m_StaticBatchRoot: {fileID: 0}
  m_ProbeAnchor: {fileID: 0}
  m_LightProbeVolumeOverride: {fileID: 0}
  m_ScaleInLightmap: 1
  m_ReceiveGI: 1
  m_PreserveUVs: 0
  m_IgnoreNormalsForChartDetection: 0
  m_ImportantGI: 0
  m_StitchLightmapSeams: 1
  m_SelectedEditorRenderState: 3
  m_MinimumChartSize: 4
  m_AutoUVMaxDistance: 0.5
  m_AutoUVMaxAngle: 89
  m_LightmapParameters: {fileID: 0}
  m_SortingLayerID: 0
  m_SortingLayer: 0
  m_SortingOrder: 0
--- !u!1 &4517695067645787352
GameObject:
  m_ObjectHideFlags: 0
  m_CorrespondingSourceObject: {fileID: 0}
  m_PrefabInstance: {fileID: 0}
  m_PrefabAsset: {fileID: 0}
  serializedVersion: 6
  m_Component:
  - component: {fileID: 4517695067645787353}
  - component: {fileID: 4517695067645787359}
  - component: {fileID: 4517695067645787358}
  m_Layer: 0
  m_Name: pTorus2 (1)
  m_TagString: Untagged
  m_Icon: {fileID: 0}
  m_NavMeshLayer: 0
  m_StaticEditorFlags: 0
  m_IsActive: 0
--- !u!4 &4517695067645787353
Transform:
  m_ObjectHideFlags: 0
  m_CorrespondingSourceObject: {fileID: 0}
  m_PrefabInstance: {fileID: 0}
  m_PrefabAsset: {fileID: 0}
  m_GameObject: {fileID: 4517695067645787352}
  m_LocalRotation: {x: -0.43131843, y: 0.06633303, z: 0.13676709, w: 0.8893026}
  m_LocalPosition: {x: -0.0006, y: 0.0439, z: -0.0208}
  m_LocalScale: {x: 1, y: 1, z: 1}
  m_Children: []
  m_Father: {fileID: 8919563182095344733}
  m_RootOrder: 5
  m_LocalEulerAnglesHint: {x: -51.747, y: 0, z: 17.486}
--- !u!33 &4517695067645787359
MeshFilter:
  m_ObjectHideFlags: 0
  m_CorrespondingSourceObject: {fileID: 0}
  m_PrefabInstance: {fileID: 0}
  m_PrefabAsset: {fileID: 0}
  m_GameObject: {fileID: 4517695067645787352}
  m_Mesh: {fileID: 5876722744731809403, guid: ad163000d3735b7429717ccb3b17b376, type: 3}
--- !u!23 &4517695067645787358
MeshRenderer:
  m_ObjectHideFlags: 0
  m_CorrespondingSourceObject: {fileID: 0}
  m_PrefabInstance: {fileID: 0}
  m_PrefabAsset: {fileID: 0}
  m_GameObject: {fileID: 4517695067645787352}
  m_Enabled: 1
  m_CastShadows: 1
  m_ReceiveShadows: 1
  m_DynamicOccludee: 1
  m_MotionVectors: 1
  m_LightProbeUsage: 1
  m_ReflectionProbeUsage: 1
  m_RayTracingMode: 2
  m_RenderingLayerMask: 1
  m_RendererPriority: 0
  m_Materials:
  - {fileID: 2100000, guid: c9f1d145efb30fb4eb8a7da1de6cfa97, type: 2}
  m_StaticBatchInfo:
    firstSubMesh: 0
    subMeshCount: 0
  m_StaticBatchRoot: {fileID: 0}
  m_ProbeAnchor: {fileID: 0}
  m_LightProbeVolumeOverride: {fileID: 0}
  m_ScaleInLightmap: 1
  m_ReceiveGI: 1
  m_PreserveUVs: 0
  m_IgnoreNormalsForChartDetection: 0
  m_ImportantGI: 0
  m_StitchLightmapSeams: 1
  m_SelectedEditorRenderState: 3
  m_MinimumChartSize: 4
  m_AutoUVMaxDistance: 0.5
  m_AutoUVMaxAngle: 89
  m_LightmapParameters: {fileID: 0}
  m_SortingLayerID: 0
  m_SortingLayer: 0
  m_SortingOrder: 0
--- !u!1001 &4517695065798710263
PrefabInstance:
  m_ObjectHideFlags: 0
  serializedVersion: 2
  m_Modification:
    m_TransformParent: {fileID: 4517695066850339325}
    m_Modifications:
    - target: {fileID: -4216859302048453862, guid: cc8301f10fae45444934dd7319894236,
        type: 3}
      propertyPath: m_LocalPosition.x
      value: 0.44690716
      objectReference: {fileID: 0}
    - target: {fileID: -4216859302048453862, guid: cc8301f10fae45444934dd7319894236,
        type: 3}
      propertyPath: m_LocalPosition.y
      value: -0.10694736
      objectReference: {fileID: 0}
    - target: {fileID: -4216859302048453862, guid: cc8301f10fae45444934dd7319894236,
        type: 3}
      propertyPath: m_LocalPosition.z
      value: -0.14280207
      objectReference: {fileID: 0}
    - target: {fileID: -4216859302048453862, guid: cc8301f10fae45444934dd7319894236,
        type: 3}
      propertyPath: m_LocalRotation.x
      value: -0.0040692165
      objectReference: {fileID: 0}
    - target: {fileID: -4216859302048453862, guid: cc8301f10fae45444934dd7319894236,
        type: 3}
      propertyPath: m_LocalRotation.y
      value: 0.08130692
      objectReference: {fileID: 0}
    - target: {fileID: -4216859302048453862, guid: cc8301f10fae45444934dd7319894236,
        type: 3}
      propertyPath: m_LocalRotation.z
      value: -0.12893942
      objectReference: {fileID: 0}
    - target: {fileID: -4216859302048453862, guid: cc8301f10fae45444934dd7319894236,
        type: 3}
      propertyPath: m_LocalRotation.w
      value: 0.9883053
      objectReference: {fileID: 0}
    - target: {fileID: -4216859302048453862, guid: cc8301f10fae45444934dd7319894236,
        type: 3}
      propertyPath: m_RootOrder
      value: 5
      objectReference: {fileID: 0}
    - target: {fileID: -4216859302048453862, guid: cc8301f10fae45444934dd7319894236,
        type: 3}
      propertyPath: m_LocalEulerAnglesHint.x
      value: 0.74100006
      objectReference: {fileID: 0}
    - target: {fileID: -4216859302048453862, guid: cc8301f10fae45444934dd7319894236,
        type: 3}
      propertyPath: m_LocalEulerAnglesHint.y
      value: 9.31
      objectReference: {fileID: 0}
    - target: {fileID: -4216859302048453862, guid: cc8301f10fae45444934dd7319894236,
        type: 3}
      propertyPath: m_LocalEulerAnglesHint.z
      value: -14.806001
      objectReference: {fileID: 0}
    - target: {fileID: -4216859302048453862, guid: cc8301f10fae45444934dd7319894236,
        type: 3}
      propertyPath: m_LocalScale.x
      value: 20.112108
      objectReference: {fileID: 0}
    - target: {fileID: -4216859302048453862, guid: cc8301f10fae45444934dd7319894236,
        type: 3}
      propertyPath: m_LocalScale.y
      value: 20.112108
      objectReference: {fileID: 0}
    - target: {fileID: -4216859302048453862, guid: cc8301f10fae45444934dd7319894236,
        type: 3}
      propertyPath: m_LocalScale.z
      value: 20.112108
      objectReference: {fileID: 0}
    - target: {fileID: -1504981713932161579, guid: cc8301f10fae45444934dd7319894236,
        type: 3}
      propertyPath: m_Materials.Array.data[0]
      value: 
      objectReference: {fileID: 2100000, guid: c9f1d145efb30fb4eb8a7da1de6cfa97, type: 2}
    - target: {fileID: -927199367670048503, guid: cc8301f10fae45444934dd7319894236,
        type: 3}
      propertyPath: m_Name
      value: Spoon
      objectReference: {fileID: 0}
    m_RemovedComponents: []
  m_SourcePrefab: {fileID: 100100000, guid: cc8301f10fae45444934dd7319894236, type: 3}
--- !u!4 &8919563180845185261 stripped
Transform:
  m_CorrespondingSourceObject: {fileID: -4216859302048453862, guid: cc8301f10fae45444934dd7319894236,
    type: 3}
  m_PrefabInstance: {fileID: 4517695065798710263}
  m_PrefabAsset: {fileID: 0}
--- !u!1001 &4517695065945602490
PrefabInstance:
  m_ObjectHideFlags: 0
  serializedVersion: 2
  m_Modification:
    m_TransformParent: {fileID: 4517695066850339325}
    m_Modifications:
    - target: {fileID: -4216859302048453862, guid: 22a20d559fed2d943ac830746a8811f2,
        type: 3}
      propertyPath: m_LocalPosition.x
      value: 2.526907
      objectReference: {fileID: 0}
    - target: {fileID: -4216859302048453862, guid: 22a20d559fed2d943ac830746a8811f2,
        type: 3}
      propertyPath: m_LocalPosition.y
      value: -0.18694735
      objectReference: {fileID: 0}
    - target: {fileID: -4216859302048453862, guid: 22a20d559fed2d943ac830746a8811f2,
        type: 3}
      propertyPath: m_LocalPosition.z
      value: -1.5128021
      objectReference: {fileID: 0}
    - target: {fileID: -4216859302048453862, guid: 22a20d559fed2d943ac830746a8811f2,
        type: 3}
      propertyPath: m_LocalRotation.x
      value: -0.015021536
      objectReference: {fileID: 0}
    - target: {fileID: -4216859302048453862, guid: 22a20d559fed2d943ac830746a8811f2,
        type: 3}
      propertyPath: m_LocalRotation.y
      value: -0.0030489853
      objectReference: {fileID: 0}
    - target: {fileID: -4216859302048453862, guid: 22a20d559fed2d943ac830746a8811f2,
        type: 3}
      propertyPath: m_LocalRotation.z
      value: -0.12812603
      objectReference: {fileID: 0}
    - target: {fileID: -4216859302048453862, guid: 22a20d559fed2d943ac830746a8811f2,
        type: 3}
      propertyPath: m_LocalRotation.w
      value: 0.99163944
      objectReference: {fileID: 0}
    - target: {fileID: -4216859302048453862, guid: 22a20d559fed2d943ac830746a8811f2,
        type: 3}
      propertyPath: m_RootOrder
      value: 2
      objectReference: {fileID: 0}
    - target: {fileID: -4216859302048453862, guid: 22a20d559fed2d943ac830746a8811f2,
        type: 3}
      propertyPath: m_LocalEulerAnglesHint.x
      value: -1.7520001
      objectReference: {fileID: 0}
    - target: {fileID: -4216859302048453862, guid: 22a20d559fed2d943ac830746a8811f2,
        type: 3}
      propertyPath: m_LocalEulerAnglesHint.y
      value: -0.126
      objectReference: {fileID: 0}
    - target: {fileID: -4216859302048453862, guid: 22a20d559fed2d943ac830746a8811f2,
        type: 3}
      propertyPath: m_LocalEulerAnglesHint.z
      value: -14.722001
      objectReference: {fileID: 0}
    - target: {fileID: -4216859302048453862, guid: 22a20d559fed2d943ac830746a8811f2,
        type: 3}
      propertyPath: m_LocalScale.x
      value: 39.49415
      objectReference: {fileID: 0}
    - target: {fileID: -4216859302048453862, guid: 22a20d559fed2d943ac830746a8811f2,
        type: 3}
      propertyPath: m_LocalScale.y
      value: 39.49415
      objectReference: {fileID: 0}
    - target: {fileID: -4216859302048453862, guid: 22a20d559fed2d943ac830746a8811f2,
        type: 3}
      propertyPath: m_LocalScale.z
      value: 39.494144
      objectReference: {fileID: 0}
    - target: {fileID: -1504981713932161579, guid: 22a20d559fed2d943ac830746a8811f2,
        type: 3}
      propertyPath: m_Materials.Array.data[0]
      value: 
      objectReference: {fileID: 2100000, guid: c9f1d145efb30fb4eb8a7da1de6cfa97, type: 2}
    - target: {fileID: -927199367670048503, guid: 22a20d559fed2d943ac830746a8811f2,
        type: 3}
      propertyPath: m_Name
      value: Book
      objectReference: {fileID: 0}
    m_RemovedComponents: []
  m_SourcePrefab: {fileID: 100100000, guid: 22a20d559fed2d943ac830746a8811f2, type: 3}
--- !u!4 &8919563180957586080 stripped
Transform:
  m_CorrespondingSourceObject: {fileID: -4216859302048453862, guid: 22a20d559fed2d943ac830746a8811f2,
    type: 3}
  m_PrefabInstance: {fileID: 4517695065945602490}
  m_PrefabAsset: {fileID: 0}
--- !u!1001 &4517695066353299436
PrefabInstance:
  m_ObjectHideFlags: 0
  serializedVersion: 2
  m_Modification:
    m_TransformParent: {fileID: 4517695066850339325}
    m_Modifications:
    - target: {fileID: -4216859302048453862, guid: ccdae5c2a4a8b3940acd0a45b6025abe,
        type: 3}
      propertyPath: m_LocalPosition.x
      value: 0.9069072
      objectReference: {fileID: 0}
    - target: {fileID: -4216859302048453862, guid: ccdae5c2a4a8b3940acd0a45b6025abe,
        type: 3}
      propertyPath: m_LocalPosition.y
      value: -0.30694735
      objectReference: {fileID: 0}
    - target: {fileID: -4216859302048453862, guid: ccdae5c2a4a8b3940acd0a45b6025abe,
        type: 3}
      propertyPath: m_LocalPosition.z
      value: -0.09280208
      objectReference: {fileID: 0}
    - target: {fileID: -4216859302048453862, guid: ccdae5c2a4a8b3940acd0a45b6025abe,
        type: 3}
      propertyPath: m_LocalRotation.x
      value: 0.09148316
      objectReference: {fileID: 0}
    - target: {fileID: -4216859302048453862, guid: ccdae5c2a4a8b3940acd0a45b6025abe,
        type: 3}
      propertyPath: m_LocalRotation.y
      value: 0.7779682
      objectReference: {fileID: 0}
    - target: {fileID: -4216859302048453862, guid: ccdae5c2a4a8b3940acd0a45b6025abe,
        type: 3}
      propertyPath: m_LocalRotation.z
      value: -0.090954736
      objectReference: {fileID: 0}
    - target: {fileID: -4216859302048453862, guid: ccdae5c2a4a8b3940acd0a45b6025abe,
        type: 3}
      propertyPath: m_LocalRotation.w
      value: 0.6149176
      objectReference: {fileID: 0}
    - target: {fileID: -4216859302048453862, guid: ccdae5c2a4a8b3940acd0a45b6025abe,
        type: 3}
      propertyPath: m_RootOrder
      value: 6
      objectReference: {fileID: 0}
    - target: {fileID: -4216859302048453862, guid: ccdae5c2a4a8b3940acd0a45b6025abe,
        type: 3}
      propertyPath: m_LocalEulerAnglesHint.x
      value: 14.716001
      objectReference: {fileID: 0}
    - target: {fileID: -4216859302048453862, guid: ccdae5c2a4a8b3940acd0a45b6025abe,
        type: 3}
      propertyPath: m_LocalEulerAnglesHint.y
      value: 103.587006
      objectReference: {fileID: 0}
    - target: {fileID: -4216859302048453862, guid: ccdae5c2a4a8b3940acd0a45b6025abe,
        type: 3}
      propertyPath: m_LocalEulerAnglesHint.z
      value: 1.8060001
      objectReference: {fileID: 0}
    - target: {fileID: -4216859302048453862, guid: ccdae5c2a4a8b3940acd0a45b6025abe,
        type: 3}
      propertyPath: m_LocalScale.x
      value: 21.127352
      objectReference: {fileID: 0}
    - target: {fileID: -4216859302048453862, guid: ccdae5c2a4a8b3940acd0a45b6025abe,
        type: 3}
      propertyPath: m_LocalScale.y
      value: 21.127352
      objectReference: {fileID: 0}
    - target: {fileID: -4216859302048453862, guid: ccdae5c2a4a8b3940acd0a45b6025abe,
        type: 3}
      propertyPath: m_LocalScale.z
      value: 38.26559
      objectReference: {fileID: 0}
    - target: {fileID: -1504981713932161579, guid: ccdae5c2a4a8b3940acd0a45b6025abe,
        type: 3}
      propertyPath: m_Materials.Array.data[0]
      value: 
      objectReference: {fileID: 2100000, guid: c9f1d145efb30fb4eb8a7da1de6cfa97, type: 2}
    - target: {fileID: -927199367670048503, guid: ccdae5c2a4a8b3940acd0a45b6025abe,
        type: 3}
      propertyPath: m_Name
      value: Shadow round (1)
      objectReference: {fileID: 0}
    m_RemovedComponents: []
  m_SourcePrefab: {fileID: 100100000, guid: ccdae5c2a4a8b3940acd0a45b6025abe, type: 3}
--- !u!4 &8919563181351519478 stripped
Transform:
  m_CorrespondingSourceObject: {fileID: -4216859302048453862, guid: ccdae5c2a4a8b3940acd0a45b6025abe,
    type: 3}
  m_PrefabInstance: {fileID: 4517695066353299436}
  m_PrefabAsset: {fileID: 0}
--- !u!1001 &4517695066435057425
PrefabInstance:
  m_ObjectHideFlags: 0
  serializedVersion: 2
  m_Modification:
    m_TransformParent: {fileID: 4517695066850339325}
    m_Modifications:
    - target: {fileID: -4216859302048453862, guid: d74a8106d982d6c419b1d0584d6f4eb4,
        type: 3}
      propertyPath: m_LocalPosition.x
      value: 2.8069072
      objectReference: {fileID: 0}
    - target: {fileID: -4216859302048453862, guid: d74a8106d982d6c419b1d0584d6f4eb4,
        type: 3}
      propertyPath: m_LocalPosition.y
      value: -0.85694736
      objectReference: {fileID: 0}
    - target: {fileID: -4216859302048453862, guid: d74a8106d982d6c419b1d0584d6f4eb4,
        type: 3}
      propertyPath: m_LocalPosition.z
      value: -1.6428021
      objectReference: {fileID: 0}
    - target: {fileID: -4216859302048453862, guid: d74a8106d982d6c419b1d0584d6f4eb4,
        type: 3}
      propertyPath: m_LocalRotation.x
      value: 0.08010307
      objectReference: {fileID: 0}
    - target: {fileID: -4216859302048453862, guid: d74a8106d982d6c419b1d0584d6f4eb4,
        type: 3}
      propertyPath: m_LocalRotation.y
      value: 0.6999152
      objectReference: {fileID: 0}
    - target: {fileID: -4216859302048453862, guid: d74a8106d982d6c419b1d0584d6f4eb4,
        type: 3}
      propertyPath: m_LocalRotation.z
      value: -0.10112086
      objectReference: {fileID: 0}
    - target: {fileID: -4216859302048453862, guid: d74a8106d982d6c419b1d0584d6f4eb4,
        type: 3}
      propertyPath: m_LocalRotation.w
      value: 0.7024791
      objectReference: {fileID: 0}
    - target: {fileID: -4216859302048453862, guid: d74a8106d982d6c419b1d0584d6f4eb4,
        type: 3}
      propertyPath: m_RootOrder
      value: 4
      objectReference: {fileID: 0}
    - target: {fileID: -4216859302048453862, guid: d74a8106d982d6c419b1d0584d6f4eb4,
        type: 3}
      propertyPath: m_LocalEulerAnglesHint.x
      value: 14.72
      objectReference: {fileID: 0}
    - target: {fileID: -4216859302048453862, guid: d74a8106d982d6c419b1d0584d6f4eb4,
        type: 3}
      propertyPath: m_LocalEulerAnglesHint.y
      value: 89.561005
      objectReference: {fileID: 0}
    - target: {fileID: -4216859302048453862, guid: d74a8106d982d6c419b1d0584d6f4eb4,
        type: 3}
      propertyPath: m_LocalEulerAnglesHint.z
      value: -1.774
      objectReference: {fileID: 0}
    - target: {fileID: -4216859302048453862, guid: d74a8106d982d6c419b1d0584d6f4eb4,
        type: 3}
      propertyPath: m_LocalScale.x
      value: 204.48108
      objectReference: {fileID: 0}
    - target: {fileID: -4216859302048453862, guid: d74a8106d982d6c419b1d0584d6f4eb4,
        type: 3}
      propertyPath: m_LocalScale.y
      value: 104.00172
      objectReference: {fileID: 0}
    - target: {fileID: -4216859302048453862, guid: d74a8106d982d6c419b1d0584d6f4eb4,
        type: 3}
      propertyPath: m_LocalScale.z
      value: 150.56331
      objectReference: {fileID: 0}
    - target: {fileID: -1504981713932161579, guid: d74a8106d982d6c419b1d0584d6f4eb4,
        type: 3}
      propertyPath: m_Materials.Array.data[0]
      value: 
      objectReference: {fileID: 2100000, guid: c9f1d145efb30fb4eb8a7da1de6cfa97, type: 2}
    - target: {fileID: -927199367670048503, guid: d74a8106d982d6c419b1d0584d6f4eb4,
        type: 3}
      propertyPath: m_Name
      value: Shadow square
      objectReference: {fileID: 0}
    m_RemovedComponents: []
  m_SourcePrefab: {fileID: 100100000, guid: d74a8106d982d6c419b1d0584d6f4eb4, type: 3}
--- !u!4 &8919563181483678731 stripped
Transform:
  m_CorrespondingSourceObject: {fileID: -4216859302048453862, guid: d74a8106d982d6c419b1d0584d6f4eb4,
    type: 3}
  m_PrefabInstance: {fileID: 4517695066435057425}
  m_PrefabAsset: {fileID: 0}
--- !u!1001 &4517695066806941589
PrefabInstance:
  m_ObjectHideFlags: 0
  serializedVersion: 2
  m_Modification:
    m_TransformParent: {fileID: 4517695066850339325}
    m_Modifications:
    - target: {fileID: -4216859302048453862, guid: ccdae5c2a4a8b3940acd0a45b6025abe,
        type: 3}
      propertyPath: m_LocalPosition.x
      value: 0.34690714
      objectReference: {fileID: 0}
    - target: {fileID: -4216859302048453862, guid: ccdae5c2a4a8b3940acd0a45b6025abe,
        type: 3}
      propertyPath: m_LocalPosition.y
      value: -0.19694734
      objectReference: {fileID: 0}
    - target: {fileID: -4216859302048453862, guid: ccdae5c2a4a8b3940acd0a45b6025abe,
        type: 3}
      propertyPath: m_LocalPosition.z
      value: -1.3428022
      objectReference: {fileID: 0}
    - target: {fileID: -4216859302048453862, guid: ccdae5c2a4a8b3940acd0a45b6025abe,
        type: 3}
      propertyPath: m_LocalRotation.x
      value: 0.04609768
      objectReference: {fileID: 0}
    - target: {fileID: -4216859302048453862, guid: ccdae5c2a4a8b3940acd0a45b6025abe,
        type: 3}
      propertyPath: m_LocalRotation.y
      value: 0.45708236
      objectReference: {fileID: 0}
    - target: {fileID: -4216859302048453862, guid: ccdae5c2a4a8b3940acd0a45b6025abe,
        type: 3}
      propertyPath: m_LocalRotation.z
      value: -0.12048624
      objectReference: {fileID: 0}
    - target: {fileID: -4216859302048453862, guid: ccdae5c2a4a8b3940acd0a45b6025abe,
        type: 3}
      propertyPath: m_LocalRotation.w
      value: 0.8800192
      objectReference: {fileID: 0}
    - target: {fileID: -4216859302048453862, guid: ccdae5c2a4a8b3940acd0a45b6025abe,
        type: 3}
      propertyPath: m_RootOrder
      value: 3
      objectReference: {fileID: 0}
    - target: {fileID: -4216859302048453862, guid: ccdae5c2a4a8b3940acd0a45b6025abe,
        type: 3}
      propertyPath: m_LocalEulerAnglesHint.x
      value: 11.027
      objectReference: {fileID: 0}
    - target: {fileID: -4216859302048453862, guid: ccdae5c2a4a8b3940acd0a45b6025abe,
        type: 3}
      propertyPath: m_LocalEulerAnglesHint.y
      value: 53.930004
      objectReference: {fileID: 0}
    - target: {fileID: -4216859302048453862, guid: ccdae5c2a4a8b3940acd0a45b6025abe,
        type: 3}
      propertyPath: m_LocalEulerAnglesHint.z
      value: -9.969001
      objectReference: {fileID: 0}
    - target: {fileID: -4216859302048453862, guid: ccdae5c2a4a8b3940acd0a45b6025abe,
        type: 3}
      propertyPath: m_LocalScale.x
      value: 104.001724
      objectReference: {fileID: 0}
    - target: {fileID: -4216859302048453862, guid: ccdae5c2a4a8b3940acd0a45b6025abe,
        type: 3}
      propertyPath: m_LocalScale.y
      value: 104.00172
      objectReference: {fileID: 0}
    - target: {fileID: -4216859302048453862, guid: ccdae5c2a4a8b3940acd0a45b6025abe,
        type: 3}
      propertyPath: m_LocalScale.z
      value: 104.00173
      objectReference: {fileID: 0}
    - target: {fileID: -1504981713932161579, guid: ccdae5c2a4a8b3940acd0a45b6025abe,
        type: 3}
      propertyPath: m_Materials.Array.data[0]
      value: 
      objectReference: {fileID: 2100000, guid: c9f1d145efb30fb4eb8a7da1de6cfa97, type: 2}
    - target: {fileID: -927199367670048503, guid: ccdae5c2a4a8b3940acd0a45b6025abe,
        type: 3}
      propertyPath: m_Name
      value: Shadow round
      objectReference: {fileID: 0}
    m_RemovedComponents: []
  m_SourcePrefab: {fileID: 100100000, guid: ccdae5c2a4a8b3940acd0a45b6025abe, type: 3}
--- !u!4 &8919563181837671567 stripped
Transform:
  m_CorrespondingSourceObject: {fileID: -4216859302048453862, guid: ccdae5c2a4a8b3940acd0a45b6025abe,
    type: 3}
  m_PrefabInstance: {fileID: 4517695066806941589}
  m_PrefabAsset: {fileID: 0}
--- !u!1001 &4517695066919491655
PrefabInstance:
  m_ObjectHideFlags: 0
  serializedVersion: 2
  m_Modification:
    m_TransformParent: {fileID: 4517695066850339325}
    m_Modifications:
    - target: {fileID: -4216859302048453862, guid: a3fba81441ecd0a4ca5a616eeadfe01c,
        type: 3}
      propertyPath: m_LocalPosition.x
      value: 0.8969072
      objectReference: {fileID: 0}
    - target: {fileID: -4216859302048453862, guid: a3fba81441ecd0a4ca5a616eeadfe01c,
        type: 3}
      propertyPath: m_LocalPosition.y
      value: -1.1369474
      objectReference: {fileID: 0}
    - target: {fileID: -4216859302048453862, guid: a3fba81441ecd0a4ca5a616eeadfe01c,
        type: 3}
      propertyPath: m_LocalPosition.z
      value: -1.862802
      objectReference: {fileID: 0}
    - target: {fileID: -4216859302048453862, guid: a3fba81441ecd0a4ca5a616eeadfe01c,
        type: 3}
      propertyPath: m_LocalRotation.x
      value: 0.04609768
      objectReference: {fileID: 0}
    - target: {fileID: -4216859302048453862, guid: a3fba81441ecd0a4ca5a616eeadfe01c,
        type: 3}
      propertyPath: m_LocalRotation.y
      value: 0.45708236
      objectReference: {fileID: 0}
    - target: {fileID: -4216859302048453862, guid: a3fba81441ecd0a4ca5a616eeadfe01c,
        type: 3}
      propertyPath: m_LocalRotation.z
      value: -0.12048624
      objectReference: {fileID: 0}
    - target: {fileID: -4216859302048453862, guid: a3fba81441ecd0a4ca5a616eeadfe01c,
        type: 3}
      propertyPath: m_LocalRotation.w
      value: 0.8800192
      objectReference: {fileID: 0}
    - target: {fileID: -4216859302048453862, guid: a3fba81441ecd0a4ca5a616eeadfe01c,
        type: 3}
      propertyPath: m_RootOrder
      value: 0
      objectReference: {fileID: 0}
    - target: {fileID: -4216859302048453862, guid: a3fba81441ecd0a4ca5a616eeadfe01c,
        type: 3}
      propertyPath: m_LocalEulerAnglesHint.x
      value: 11.027
      objectReference: {fileID: 0}
    - target: {fileID: -4216859302048453862, guid: a3fba81441ecd0a4ca5a616eeadfe01c,
        type: 3}
      propertyPath: m_LocalEulerAnglesHint.y
      value: 53.930004
      objectReference: {fileID: 0}
    - target: {fileID: -4216859302048453862, guid: a3fba81441ecd0a4ca5a616eeadfe01c,
        type: 3}
      propertyPath: m_LocalEulerAnglesHint.z
      value: -9.969001
      objectReference: {fileID: 0}
    - target: {fileID: -4216859302048453862, guid: a3fba81441ecd0a4ca5a616eeadfe01c,
        type: 3}
      propertyPath: m_LocalScale.x
      value: 20.112106
      objectReference: {fileID: 0}
    - target: {fileID: -4216859302048453862, guid: a3fba81441ecd0a4ca5a616eeadfe01c,
        type: 3}
      propertyPath: m_LocalScale.y
      value: 20.112106
      objectReference: {fileID: 0}
    - target: {fileID: -4216859302048453862, guid: a3fba81441ecd0a4ca5a616eeadfe01c,
        type: 3}
      propertyPath: m_LocalScale.z
      value: 20.11211
      objectReference: {fileID: 0}
    - target: {fileID: -1504981713932161579, guid: a3fba81441ecd0a4ca5a616eeadfe01c,
        type: 3}
      propertyPath: m_Materials.Array.data[0]
      value: 
      objectReference: {fileID: 2100000, guid: c9f1d145efb30fb4eb8a7da1de6cfa97, type: 2}
    - target: {fileID: -927199367670048503, guid: a3fba81441ecd0a4ca5a616eeadfe01c,
        type: 3}
      propertyPath: m_Name
      value: Table
      objectReference: {fileID: 0}
    m_RemovedComponents: []
  m_SourcePrefab: {fileID: 100100000, guid: a3fba81441ecd0a4ca5a616eeadfe01c, type: 3}
--- !u!4 &8919563181934572381 stripped
Transform:
  m_CorrespondingSourceObject: {fileID: -4216859302048453862, guid: a3fba81441ecd0a4ca5a616eeadfe01c,
    type: 3}
  m_PrefabInstance: {fileID: 4517695066919491655}
  m_PrefabAsset: {fileID: 0}
--- !u!1001 &4517695066964861369
PrefabInstance:
  m_ObjectHideFlags: 0
  serializedVersion: 2
  m_Modification:
    m_TransformParent: {fileID: 4517695066850339325}
    m_Modifications:
    - target: {fileID: -4216859302048453862, guid: ccdae5c2a4a8b3940acd0a45b6025abe,
        type: 3}
      propertyPath: m_LocalPosition.x
      value: 1.1869072
      objectReference: {fileID: 0}
    - target: {fileID: -4216859302048453862, guid: ccdae5c2a4a8b3940acd0a45b6025abe,
        type: 3}
      propertyPath: m_LocalPosition.y
      value: -0.47694734
      objectReference: {fileID: 0}
    - target: {fileID: -4216859302048453862, guid: ccdae5c2a4a8b3940acd0a45b6025abe,
        type: 3}
      propertyPath: m_LocalPosition.z
      value: -3.2528021
      objectReference: {fileID: 0}
    - target: {fileID: -4216859302048453862, guid: ccdae5c2a4a8b3940acd0a45b6025abe,
        type: 3}
      propertyPath: m_LocalRotation.x
      value: 0.04609768
      objectReference: {fileID: 0}
    - target: {fileID: -4216859302048453862, guid: ccdae5c2a4a8b3940acd0a45b6025abe,
        type: 3}
      propertyPath: m_LocalRotation.y
      value: 0.45708236
      objectReference: {fileID: 0}
    - target: {fileID: -4216859302048453862, guid: ccdae5c2a4a8b3940acd0a45b6025abe,
        type: 3}
      propertyPath: m_LocalRotation.z
      value: -0.12048624
      objectReference: {fileID: 0}
    - target: {fileID: -4216859302048453862, guid: ccdae5c2a4a8b3940acd0a45b6025abe,
        type: 3}
      propertyPath: m_LocalRotation.w
      value: 0.8800192
      objectReference: {fileID: 0}
    - target: {fileID: -4216859302048453862, guid: ccdae5c2a4a8b3940acd0a45b6025abe,
        type: 3}
      propertyPath: m_RootOrder
      value: 9
      objectReference: {fileID: 0}
    - target: {fileID: -4216859302048453862, guid: ccdae5c2a4a8b3940acd0a45b6025abe,
        type: 3}
      propertyPath: m_LocalEulerAnglesHint.x
      value: 11.027
      objectReference: {fileID: 0}
    - target: {fileID: -4216859302048453862, guid: ccdae5c2a4a8b3940acd0a45b6025abe,
        type: 3}
      propertyPath: m_LocalEulerAnglesHint.y
      value: 53.930004
      objectReference: {fileID: 0}
    - target: {fileID: -4216859302048453862, guid: ccdae5c2a4a8b3940acd0a45b6025abe,
        type: 3}
      propertyPath: m_LocalEulerAnglesHint.z
      value: -9.969001
      objectReference: {fileID: 0}
    - target: {fileID: -4216859302048453862, guid: ccdae5c2a4a8b3940acd0a45b6025abe,
        type: 3}
      propertyPath: m_LocalScale.x
      value: 48.6728
      objectReference: {fileID: 0}
    - target: {fileID: -4216859302048453862, guid: ccdae5c2a4a8b3940acd0a45b6025abe,
        type: 3}
      propertyPath: m_LocalScale.y
      value: 48.6728
      objectReference: {fileID: 0}
    - target: {fileID: -4216859302048453862, guid: ccdae5c2a4a8b3940acd0a45b6025abe,
        type: 3}
      propertyPath: m_LocalScale.z
      value: 48.672806
      objectReference: {fileID: 0}
    - target: {fileID: -1504981713932161579, guid: ccdae5c2a4a8b3940acd0a45b6025abe,
        type: 3}
      propertyPath: m_Materials.Array.data[0]
      value: 
      objectReference: {fileID: 2100000, guid: c9f1d145efb30fb4eb8a7da1de6cfa97, type: 2}
    - target: {fileID: -927199367670048503, guid: ccdae5c2a4a8b3940acd0a45b6025abe,
        type: 3}
      propertyPath: m_Name
      value: Shadow round (2)
      objectReference: {fileID: 0}
    m_RemovedComponents: []
  m_SourcePrefab: {fileID: 100100000, guid: ccdae5c2a4a8b3940acd0a45b6025abe, type: 3}
--- !u!4 &8919563181959940771 stripped
Transform:
  m_CorrespondingSourceObject: {fileID: -4216859302048453862, guid: ccdae5c2a4a8b3940acd0a45b6025abe,
    type: 3}
  m_PrefabInstance: {fileID: 4517695066964861369}
  m_PrefabAsset: {fileID: 0}
--- !u!1001 &4517695067098156871
PrefabInstance:
  m_ObjectHideFlags: 0
  serializedVersion: 2
  m_Modification:
    m_TransformParent: {fileID: 4517695066850339325}
    m_Modifications:
    - target: {fileID: -4216859302048453862, guid: ad163000d3735b7429717ccb3b17b376,
        type: 3}
      propertyPath: m_LocalPosition.x
      value: 0.23690712
      objectReference: {fileID: 0}
    - target: {fileID: -4216859302048453862, guid: ad163000d3735b7429717ccb3b17b376,
        type: 3}
      propertyPath: m_LocalPosition.y
      value: -0.02694732
      objectReference: {fileID: 0}
    - target: {fileID: -4216859302048453862, guid: ad163000d3735b7429717ccb3b17b376,
        type: 3}
      propertyPath: m_LocalPosition.z
      value: -1.4428021
      objectReference: {fileID: 0}
    - target: {fileID: -4216859302048453862, guid: ad163000d3735b7429717ccb3b17b376,
        type: 3}
      propertyPath: m_LocalRotation.x
      value: 0.04609768
      objectReference: {fileID: 0}
    - target: {fileID: -4216859302048453862, guid: ad163000d3735b7429717ccb3b17b376,
        type: 3}
      propertyPath: m_LocalRotation.y
      value: 0.45708236
      objectReference: {fileID: 0}
    - target: {fileID: -4216859302048453862, guid: ad163000d3735b7429717ccb3b17b376,
        type: 3}
      propertyPath: m_LocalRotation.z
      value: -0.12048624
      objectReference: {fileID: 0}
    - target: {fileID: -4216859302048453862, guid: ad163000d3735b7429717ccb3b17b376,
        type: 3}
      propertyPath: m_LocalRotation.w
      value: 0.8800192
      objectReference: {fileID: 0}
    - target: {fileID: -4216859302048453862, guid: ad163000d3735b7429717ccb3b17b376,
        type: 3}
      propertyPath: m_RootOrder
      value: 1
      objectReference: {fileID: 0}
    - target: {fileID: -4216859302048453862, guid: ad163000d3735b7429717ccb3b17b376,
        type: 3}
      propertyPath: m_LocalEulerAnglesHint.x
      value: 11.027
      objectReference: {fileID: 0}
    - target: {fileID: -4216859302048453862, guid: ad163000d3735b7429717ccb3b17b376,
        type: 3}
      propertyPath: m_LocalEulerAnglesHint.y
      value: 53.930004
      objectReference: {fileID: 0}
    - target: {fileID: -4216859302048453862, guid: ad163000d3735b7429717ccb3b17b376,
        type: 3}
      propertyPath: m_LocalEulerAnglesHint.z
      value: -9.969001
      objectReference: {fileID: 0}
    - target: {fileID: -4216859302048453862, guid: ad163000d3735b7429717ccb3b17b376,
        type: 3}
      propertyPath: m_LocalScale.x
      value: 24.82035
      objectReference: {fileID: 0}
    - target: {fileID: -4216859302048453862, guid: ad163000d3735b7429717ccb3b17b376,
        type: 3}
      propertyPath: m_LocalScale.y
      value: 24.82035
      objectReference: {fileID: 0}
    - target: {fileID: -4216859302048453862, guid: ad163000d3735b7429717ccb3b17b376,
        type: 3}
      propertyPath: m_LocalScale.z
      value: 24.820354
      objectReference: {fileID: 0}
    - target: {fileID: -3815348637671979988, guid: ad163000d3735b7429717ccb3b17b376,
        type: 3}
      propertyPath: m_Materials.Array.data[0]
      value: 
      objectReference: {fileID: 2100000, guid: c9f1d145efb30fb4eb8a7da1de6cfa97, type: 2}
    - target: {fileID: -1114131196871648465, guid: ad163000d3735b7429717ccb3b17b376,
        type: 3}
      propertyPath: m_Materials.Array.data[0]
      value: 
      objectReference: {fileID: 2100000, guid: c9f1d145efb30fb4eb8a7da1de6cfa97, type: 2}
    - target: {fileID: -927199367670048503, guid: ad163000d3735b7429717ccb3b17b376,
        type: 3}
      propertyPath: m_Name
      value: Milk bowl
      objectReference: {fileID: 0}
    - target: {fileID: -828863432376472143, guid: ad163000d3735b7429717ccb3b17b376,
        type: 3}
      propertyPath: m_Materials.Array.data[0]
      value: 
      objectReference: {fileID: 2100000, guid: c9f1d145efb30fb4eb8a7da1de6cfa97, type: 2}
    - target: {fileID: 2609545211037101077, guid: ad163000d3735b7429717ccb3b17b376,
        type: 3}
      propertyPath: m_Materials.Array.data[0]
      value: 
      objectReference: {fileID: 2100000, guid: c9f1d145efb30fb4eb8a7da1de6cfa97, type: 2}
    m_RemovedComponents: []
  m_SourcePrefab: {fileID: 100100000, guid: ad163000d3735b7429717ccb3b17b376, type: 3}
--- !u!4 &8919563182095344733 stripped
Transform:
  m_CorrespondingSourceObject: {fileID: -4216859302048453862, guid: ad163000d3735b7429717ccb3b17b376,
    type: 3}
  m_PrefabInstance: {fileID: 4517695067098156871}
  m_PrefabAsset: {fileID: 0}
--- !u!1001 &4517695067301657176
PrefabInstance:
  m_ObjectHideFlags: 0
  serializedVersion: 2
  m_Modification:
    m_TransformParent: {fileID: 4517695066850339325}
    m_Modifications:
    - target: {fileID: -4216859302048453862, guid: f389fb0b50c6a304da0493461d93989c,
        type: 3}
      propertyPath: m_LocalPosition.x
      value: 1.6669072
      objectReference: {fileID: 0}
    - target: {fileID: -4216859302048453862, guid: f389fb0b50c6a304da0493461d93989c,
        type: 3}
      propertyPath: m_LocalPosition.y
      value: 2.0630527
      objectReference: {fileID: 0}
    - target: {fileID: -4216859302048453862, guid: f389fb0b50c6a304da0493461d93989c,
        type: 3}
      propertyPath: m_LocalPosition.z
      value: -2.792802
      objectReference: {fileID: 0}
    - target: {fileID: -4216859302048453862, guid: f389fb0b50c6a304da0493461d93989c,
        type: 3}
      propertyPath: m_LocalRotation.x
      value: 0.75457144
      objectReference: {fileID: 0}
    - target: {fileID: -4216859302048453862, guid: f389fb0b50c6a304da0493461d93989c,
        type: 3}
      propertyPath: m_LocalRotation.y
      value: -0.21551283
      objectReference: {fileID: 0}
    - target: {fileID: -4216859302048453862, guid: f389fb0b50c6a304da0493461d93989c,
        type: 3}
      propertyPath: m_LocalRotation.z
      value: -0.08369085
      objectReference: {fileID: 0}
    - target: {fileID: -4216859302048453862, guid: f389fb0b50c6a304da0493461d93989c,
        type: 3}
      propertyPath: m_LocalRotation.w
      value: 0.6141433
      objectReference: {fileID: 0}
    - target: {fileID: -4216859302048453862, guid: f389fb0b50c6a304da0493461d93989c,
        type: 3}
      propertyPath: m_RootOrder
      value: 10
      objectReference: {fileID: 0}
    - target: {fileID: -4216859302048453862, guid: f389fb0b50c6a304da0493461d93989c,
        type: 3}
      propertyPath: m_LocalEulerAnglesHint.x
      value: 62.969
      objectReference: {fileID: 0}
    - target: {fileID: -4216859302048453862, guid: f389fb0b50c6a304da0493461d93989c,
        type: 3}
      propertyPath: m_LocalEulerAnglesHint.y
      value: -120.644005
      objectReference: {fileID: 0}
    - target: {fileID: -4216859302048453862, guid: f389fb0b50c6a304da0493461d93989c,
        type: 3}
      propertyPath: m_LocalEulerAnglesHint.z
      value: -109.64101
      objectReference: {fileID: 0}
    - target: {fileID: -4216859302048453862, guid: f389fb0b50c6a304da0493461d93989c,
        type: 3}
      propertyPath: m_LocalScale.x
      value: 60.171406
      objectReference: {fileID: 0}
    - target: {fileID: -4216859302048453862, guid: f389fb0b50c6a304da0493461d93989c,
        type: 3}
      propertyPath: m_LocalScale.y
      value: 60.171406
      objectReference: {fileID: 0}
    - target: {fileID: -4216859302048453862, guid: f389fb0b50c6a304da0493461d93989c,
        type: 3}
      propertyPath: m_LocalScale.z
      value: 60.17141
      objectReference: {fileID: 0}
    - target: {fileID: -1504981713932161579, guid: f389fb0b50c6a304da0493461d93989c,
        type: 3}
      propertyPath: m_Materials.Array.data[0]
      value: 
      objectReference: {fileID: 2100000, guid: c9f1d145efb30fb4eb8a7da1de6cfa97, type: 2}
    - target: {fileID: -927199367670048503, guid: f389fb0b50c6a304da0493461d93989c,
        type: 3}
      propertyPath: m_Name
      value: Cereal box
      objectReference: {fileID: 0}
    m_RemovedComponents: []
  m_SourcePrefab: {fileID: 100100000, guid: f389fb0b50c6a304da0493461d93989c, type: 3}
--- !u!4 &8919563182349291842 stripped
Transform:
  m_CorrespondingSourceObject: {fileID: -4216859302048453862, guid: f389fb0b50c6a304da0493461d93989c,
    type: 3}
  m_PrefabInstance: {fileID: 4517695067301657176}
  m_PrefabAsset: {fileID: 0}
--- !u!1001 &4517695067305411279
PrefabInstance:
  m_ObjectHideFlags: 0
  serializedVersion: 2
  m_Modification:
    m_TransformParent: {fileID: 4517695066850339325}
    m_Modifications:
    - target: {fileID: -4216859302048453862, guid: d74a8106d982d6c419b1d0584d6f4eb4,
        type: 3}
      propertyPath: m_LocalPosition.x
      value: 0.33690715
      objectReference: {fileID: 0}
    - target: {fileID: -4216859302048453862, guid: d74a8106d982d6c419b1d0584d6f4eb4,
        type: 3}
      propertyPath: m_LocalPosition.y
      value: -0.15694737
      objectReference: {fileID: 0}
    - target: {fileID: -4216859302048453862, guid: d74a8106d982d6c419b1d0584d6f4eb4,
        type: 3}
      propertyPath: m_LocalPosition.z
      value: -0.032802075
      objectReference: {fileID: 0}
    - target: {fileID: -4216859302048453862, guid: d74a8106d982d6c419b1d0584d6f4eb4,
        type: 3}
      propertyPath: m_LocalRotation.x
      value: 0.08290829
      objectReference: {fileID: 0}
    - target: {fileID: -4216859302048453862, guid: d74a8106d982d6c419b1d0584d6f4eb4,
        type: 3}
      propertyPath: m_LocalRotation.y
      value: 0.71934634
      objectReference: {fileID: 0}
    - target: {fileID: -4216859302048453862, guid: d74a8106d982d6c419b1d0584d6f4eb4,
        type: 3}
      propertyPath: m_LocalRotation.z
      value: -0.098833926
      objectReference: {fileID: 0}
    - target: {fileID: -4216859302048453862, guid: d74a8106d982d6c419b1d0584d6f4eb4,
        type: 3}
      propertyPath: m_LocalRotation.w
      value: 0.6825679
      objectReference: {fileID: 0}
    - target: {fileID: -4216859302048453862, guid: d74a8106d982d6c419b1d0584d6f4eb4,
        type: 3}
      propertyPath: m_RootOrder
      value: 7
      objectReference: {fileID: 0}
    - target: {fileID: -4216859302048453862, guid: d74a8106d982d6c419b1d0584d6f4eb4,
        type: 3}
      propertyPath: m_LocalEulerAnglesHint.x
      value: 14.7960005
      objectReference: {fileID: 0}
    - target: {fileID: -4216859302048453862, guid: d74a8106d982d6c419b1d0584d6f4eb4,
        type: 3}
      propertyPath: m_LocalEulerAnglesHint.y
      value: 92.885
      objectReference: {fileID: 0}
    - target: {fileID: -4216859302048453862, guid: d74a8106d982d6c419b1d0584d6f4eb4,
        type: 3}
      propertyPath: m_LocalEulerAnglesHint.z
      value: -0.92700005
      objectReference: {fileID: 0}
    - target: {fileID: -4216859302048453862, guid: d74a8106d982d6c419b1d0584d6f4eb4,
        type: 3}
      propertyPath: m_LocalScale.x
      value: 10.10014
      objectReference: {fileID: 0}
    - target: {fileID: -4216859302048453862, guid: d74a8106d982d6c419b1d0584d6f4eb4,
        type: 3}
      propertyPath: m_LocalScale.y
      value: 104.00172
      objectReference: {fileID: 0}
    - target: {fileID: -4216859302048453862, guid: d74a8106d982d6c419b1d0584d6f4eb4,
        type: 3}
      propertyPath: m_LocalScale.z
      value: 150.5633
      objectReference: {fileID: 0}
    - target: {fileID: -1504981713932161579, guid: d74a8106d982d6c419b1d0584d6f4eb4,
        type: 3}
      propertyPath: m_Materials.Array.data[0]
      value: 
      objectReference: {fileID: 2100000, guid: c9f1d145efb30fb4eb8a7da1de6cfa97, type: 2}
    - target: {fileID: -927199367670048503, guid: d74a8106d982d6c419b1d0584d6f4eb4,
        type: 3}
      propertyPath: m_Name
      value: Shadow square (1)
      objectReference: {fileID: 0}
    m_RemovedComponents: []
  m_SourcePrefab: {fileID: 100100000, guid: d74a8106d982d6c419b1d0584d6f4eb4, type: 3}
--- !u!4 &8919563182354180565 stripped
Transform:
  m_CorrespondingSourceObject: {fileID: -4216859302048453862, guid: d74a8106d982d6c419b1d0584d6f4eb4,
    type: 3}
  m_PrefabInstance: {fileID: 4517695067305411279}
  m_PrefabAsset: {fileID: 0}
--- !u!1001 &4517695067406777482
PrefabInstance:
  m_ObjectHideFlags: 0
  serializedVersion: 2
  m_Modification:
    m_TransformParent: {fileID: 4517695066850339325}
    m_Modifications:
    - target: {fileID: -4216859302048453862, guid: a74c3649c2599bb41802b6204028ef44,
        type: 3}
      propertyPath: m_LocalPosition.x
      value: 1.2869071
      objectReference: {fileID: 0}
    - target: {fileID: -4216859302048453862, guid: a74c3649c2599bb41802b6204028ef44,
        type: 3}
      propertyPath: m_LocalPosition.y
      value: 0.18305266
      objectReference: {fileID: 0}
    - target: {fileID: -4216859302048453862, guid: a74c3649c2599bb41802b6204028ef44,
        type: 3}
      propertyPath: m_LocalPosition.z
      value: -3.382802
      objectReference: {fileID: 0}
    - target: {fileID: -4216859302048453862, guid: a74c3649c2599bb41802b6204028ef44,
        type: 3}
      propertyPath: m_LocalRotation.x
      value: 0.04609768
      objectReference: {fileID: 0}
    - target: {fileID: -4216859302048453862, guid: a74c3649c2599bb41802b6204028ef44,
        type: 3}
      propertyPath: m_LocalRotation.y
      value: 0.45708236
      objectReference: {fileID: 0}
    - target: {fileID: -4216859302048453862, guid: a74c3649c2599bb41802b6204028ef44,
        type: 3}
      propertyPath: m_LocalRotation.z
      value: -0.12048624
      objectReference: {fileID: 0}
    - target: {fileID: -4216859302048453862, guid: a74c3649c2599bb41802b6204028ef44,
        type: 3}
      propertyPath: m_LocalRotation.w
      value: 0.8800192
      objectReference: {fileID: 0}
    - target: {fileID: -4216859302048453862, guid: a74c3649c2599bb41802b6204028ef44,
        type: 3}
      propertyPath: m_RootOrder
      value: 8
      objectReference: {fileID: 0}
    - target: {fileID: -4216859302048453862, guid: a74c3649c2599bb41802b6204028ef44,
        type: 3}
      propertyPath: m_LocalEulerAnglesHint.x
      value: 11.027
      objectReference: {fileID: 0}
    - target: {fileID: -4216859302048453862, guid: a74c3649c2599bb41802b6204028ef44,
        type: 3}
      propertyPath: m_LocalEulerAnglesHint.y
      value: 53.930004
      objectReference: {fileID: 0}
    - target: {fileID: -4216859302048453862, guid: a74c3649c2599bb41802b6204028ef44,
        type: 3}
      propertyPath: m_LocalEulerAnglesHint.z
      value: -9.969001
      objectReference: {fileID: 0}
    - target: {fileID: -4216859302048453862, guid: a74c3649c2599bb41802b6204028ef44,
        type: 3}
      propertyPath: m_LocalScale.x
      value: 37.279606
      objectReference: {fileID: 0}
    - target: {fileID: -4216859302048453862, guid: a74c3649c2599bb41802b6204028ef44,
        type: 3}
      propertyPath: m_LocalScale.y
      value: 37.279606
      objectReference: {fileID: 0}
    - target: {fileID: -4216859302048453862, guid: a74c3649c2599bb41802b6204028ef44,
        type: 3}
      propertyPath: m_LocalScale.z
      value: 37.27961
      objectReference: {fileID: 0}
    - target: {fileID: -1504981713932161579, guid: a74c3649c2599bb41802b6204028ef44,
        type: 3}
      propertyPath: m_Materials.Array.data[0]
      value: 
      objectReference: {fileID: 2100000, guid: c9f1d145efb30fb4eb8a7da1de6cfa97, type: 2}
    - target: {fileID: -927199367670048503, guid: a74c3649c2599bb41802b6204028ef44,
        type: 3}
      propertyPath: m_Name
      value: Cactus
      objectReference: {fileID: 0}
    m_RemovedComponents: []
  m_SourcePrefab: {fileID: 100100000, guid: a74c3649c2599bb41802b6204028ef44, type: 3}
--- !u!4 &8919563182453364624 stripped
Transform:
  m_CorrespondingSourceObject: {fileID: -4216859302048453862, guid: a74c3649c2599bb41802b6204028ef44,
    type: 3}
  m_PrefabInstance: {fileID: 4517695067406777482}
  m_PrefabAsset: {fileID: 0}
