%YAML 1.1
%TAG !u! tag:unity3d.com,2011:
--- !u!1 &451406308166770228
GameObject:
  m_ObjectHideFlags: 0
  m_CorrespondingSourceObject: {fileID: 0}
  m_PrefabInstance: {fileID: 0}
  m_PrefabAsset: {fileID: 0}
  serializedVersion: 6
  m_Component:
  - component: {fileID: 5642214663398408041}
  m_Layer: 0
  m_Name: Camera position
  m_TagString: Untagged
  m_Icon: {fileID: 0}
  m_NavMeshLayer: 0
  m_StaticEditorFlags: 0
  m_IsActive: 1
--- !u!4 &5642214663398408041
Transform:
  m_ObjectHideFlags: 0
  m_CorrespondingSourceObject: {fileID: 0}
  m_PrefabInstance: {fileID: 0}
  m_PrefabAsset: {fileID: 0}
  m_GameObject: {fileID: 451406308166770228}
  m_LocalRotation: {x: -0, y: 0.91189075, z: -0.41043305, w: 0}
  m_LocalPosition: {x: 11.247185, y: 22.617302, z: 9.829155}
  m_LocalScale: {x: 1, y: 1, z: 1}
  m_Children: []
  m_Father: {fileID: 891888991449727764}
  m_RootOrder: 12
  m_LocalEulerAnglesHint: {x: 0, y: 0, z: 0}
--- !u!1 &8169728542662864340
GameObject:
  m_ObjectHideFlags: 0
  m_CorrespondingSourceObject: {fileID: 0}
  m_PrefabInstance: {fileID: 0}
  m_PrefabAsset: {fileID: 0}
  serializedVersion: 6
  m_Component:
  - component: {fileID: 891888991449727764}
  m_Layer: 0
  m_Name: School Level
  m_TagString: Untagged
  m_Icon: {fileID: 0}
  m_NavMeshLayer: 0
  m_StaticEditorFlags: 0
  m_IsActive: 1
--- !u!4 &891888991449727764
Transform:
  m_ObjectHideFlags: 0
  m_CorrespondingSourceObject: {fileID: 0}
  m_PrefabInstance: {fileID: 0}
  m_PrefabAsset: {fileID: 0}
  m_GameObject: {fileID: 8169728542662864340}
  m_LocalRotation: {x: 0, y: 0, z: 0, w: 1}
  m_LocalPosition: {x: -11.247185, y: -3.2173023, z: 11.370846}
  m_LocalScale: {x: 1, y: 1, z: 1}
  m_Children:
  - {fileID: 5886957259863722308}
  - {fileID: 5886957259744350112}
  - {fileID: 5886957259938861697}
  - {fileID: 5886957259494849781}
  - {fileID: 5886957257963086165}
  - {fileID: 216918695071907893}
  - {fileID: 4554578062324070179}
  - {fileID: 1194673692437689585}
  - {fileID: 516118442753386958}
  - {fileID: 6662428554245824033}
  - {fileID: 758702468270219261}
  - {fileID: 2469615222442976848}
  - {fileID: 5642214663398408041}
  m_Father: {fileID: 0}
  m_RootOrder: 0
  m_LocalEulerAnglesHint: {x: 0, y: 0, z: 0}
--- !u!1001 &1497473956026092111
PrefabInstance:
  m_ObjectHideFlags: 0
  serializedVersion: 2
  m_Modification:
    m_TransformParent: {fileID: 891888991449727764}
    m_Modifications:
    - target: {fileID: -6283877591383234665, guid: 75762ae51fbe26d40b47584826773ee8,
        type: 3}
      propertyPath: m_Materials.Array.data[0]
      value: 
      objectReference: {fileID: 2100000, guid: eaee29018b8b0b34f8b5ba88c8f4db62, type: 2}
    - target: {fileID: -4216859302048453862, guid: 75762ae51fbe26d40b47584826773ee8,
        type: 3}
      propertyPath: m_LocalPosition.x
      value: 11.785186
      objectReference: {fileID: 0}
    - target: {fileID: -4216859302048453862, guid: 75762ae51fbe26d40b47584826773ee8,
        type: 3}
      propertyPath: m_LocalPosition.y
      value: 6.4473023
      objectReference: {fileID: 0}
    - target: {fileID: -4216859302048453862, guid: 75762ae51fbe26d40b47584826773ee8,
        type: 3}
      propertyPath: m_LocalPosition.z
      value: -6.596746
      objectReference: {fileID: 0}
    - target: {fileID: -4216859302048453862, guid: 75762ae51fbe26d40b47584826773ee8,
        type: 3}
      propertyPath: m_LocalRotation.x
      value: 0.029035706
      objectReference: {fileID: 0}
    - target: {fileID: -4216859302048453862, guid: 75762ae51fbe26d40b47584826773ee8,
        type: 3}
      propertyPath: m_LocalRotation.y
      value: 0.104059145
      objectReference: {fileID: 0}
    - target: {fileID: -4216859302048453862, guid: 75762ae51fbe26d40b47584826773ee8,
        type: 3}
      propertyPath: m_LocalRotation.z
      value: -0.03500408
      objectReference: {fileID: 0}
    - target: {fileID: -4216859302048453862, guid: 75762ae51fbe26d40b47584826773ee8,
        type: 3}
      propertyPath: m_LocalRotation.w
      value: 0.99353075
      objectReference: {fileID: 0}
    - target: {fileID: -4216859302048453862, guid: 75762ae51fbe26d40b47584826773ee8,
        type: 3}
      propertyPath: m_RootOrder
      value: 4
      objectReference: {fileID: 0}
    - target: {fileID: -4216859302048453862, guid: 75762ae51fbe26d40b47584826773ee8,
        type: 3}
      propertyPath: m_LocalEulerAnglesHint.x
      value: 3.726
      objectReference: {fileID: 0}
    - target: {fileID: -4216859302048453862, guid: 75762ae51fbe26d40b47584826773ee8,
        type: 3}
      propertyPath: m_LocalEulerAnglesHint.y
      value: 11.84
      objectReference: {fileID: 0}
    - target: {fileID: -4216859302048453862, guid: 75762ae51fbe26d40b47584826773ee8,
        type: 3}
      propertyPath: m_LocalEulerAnglesHint.z
      value: -3.6490002
      objectReference: {fileID: 0}
    - target: {fileID: -4216859302048453862, guid: 75762ae51fbe26d40b47584826773ee8,
        type: 3}
      propertyPath: m_LocalScale.x
      value: 67.40745
      objectReference: {fileID: 0}
    - target: {fileID: -4216859302048453862, guid: 75762ae51fbe26d40b47584826773ee8,
        type: 3}
      propertyPath: m_LocalScale.y
      value: 67.407455
      objectReference: {fileID: 0}
    - target: {fileID: -4216859302048453862, guid: 75762ae51fbe26d40b47584826773ee8,
        type: 3}
      propertyPath: m_LocalScale.z
      value: 67.40745
      objectReference: {fileID: 0}
    - target: {fileID: -3815348637671979988, guid: 75762ae51fbe26d40b47584826773ee8,
        type: 3}
      propertyPath: m_Materials.Array.data[0]
      value: 
      objectReference: {fileID: 2100000, guid: eaee29018b8b0b34f8b5ba88c8f4db62, type: 2}
    - target: {fileID: -3701727588016112575, guid: 75762ae51fbe26d40b47584826773ee8,
        type: 3}
      propertyPath: m_Materials.Array.data[0]
      value: 
      objectReference: {fileID: 2100000, guid: eaee29018b8b0b34f8b5ba88c8f4db62, type: 2}
    - target: {fileID: -927199367670048503, guid: 75762ae51fbe26d40b47584826773ee8,
        type: 3}
      propertyPath: m_Name
      value: Tree (4)
      objectReference: {fileID: 0}
    - target: {fileID: 3905429322809234054, guid: 75762ae51fbe26d40b47584826773ee8,
        type: 3}
      propertyPath: m_LocalPosition.x
      value: 0.0111
      objectReference: {fileID: 0}
    - target: {fileID: 3905429322809234054, guid: 75762ae51fbe26d40b47584826773ee8,
        type: 3}
      propertyPath: m_LocalPosition.y
      value: 0.0084
      objectReference: {fileID: 0}
    - target: {fileID: 3905429322809234054, guid: 75762ae51fbe26d40b47584826773ee8,
        type: 3}
      propertyPath: m_LocalPosition.z
      value: -0.0007
      objectReference: {fileID: 0}
    - target: {fileID: 6200443131042155592, guid: 75762ae51fbe26d40b47584826773ee8,
        type: 3}
      propertyPath: m_Materials.Array.data[0]
      value: 
      objectReference: {fileID: 2100000, guid: eaee29018b8b0b34f8b5ba88c8f4db62, type: 2}
    - target: {fileID: 7087200961041043365, guid: 75762ae51fbe26d40b47584826773ee8,
        type: 3}
      propertyPath: m_Materials.Array.data[0]
      value: 
      objectReference: {fileID: 2100000, guid: eaee29018b8b0b34f8b5ba88c8f4db62, type: 2}
    - target: {fileID: 8249115927918959592, guid: 75762ae51fbe26d40b47584826773ee8,
        type: 3}
      propertyPath: m_Materials.Array.data[0]
      value: 
      objectReference: {fileID: 2100000, guid: eaee29018b8b0b34f8b5ba88c8f4db62, type: 2}
    m_RemovedComponents: []
  m_SourcePrefab: {fileID: 100100000, guid: 75762ae51fbe26d40b47584826773ee8, type: 3}
--- !u!4 &5886957257963086165 stripped
Transform:
  m_CorrespondingSourceObject: {fileID: -4216859302048453862, guid: 75762ae51fbe26d40b47584826773ee8,
    type: 3}
  m_PrefabInstance: {fileID: 1497473956026092111}
  m_PrefabAsset: {fileID: 0}
--- !u!1001 &1497473957572466671
PrefabInstance:
  m_ObjectHideFlags: 0
  serializedVersion: 2
  m_Modification:
    m_TransformParent: {fileID: 891888991449727764}
    m_Modifications:
    - target: {fileID: -6283877591383234665, guid: 00a86b716d98411458e54a2365185f9c,
        type: 3}
      propertyPath: m_Materials.Array.data[0]
      value: 
      objectReference: {fileID: 2100000, guid: eaee29018b8b0b34f8b5ba88c8f4db62, type: 2}
    - target: {fileID: -4216859302048453862, guid: 00a86b716d98411458e54a2365185f9c,
        type: 3}
      propertyPath: m_LocalPosition.x
      value: 7.8471847
      objectReference: {fileID: 0}
    - target: {fileID: -4216859302048453862, guid: 00a86b716d98411458e54a2365185f9c,
        type: 3}
      propertyPath: m_LocalPosition.y
      value: 4.6873026
      objectReference: {fileID: 0}
    - target: {fileID: -4216859302048453862, guid: 00a86b716d98411458e54a2365185f9c,
        type: 3}
      propertyPath: m_LocalPosition.z
      value: -6.7173686
      objectReference: {fileID: 0}
    - target: {fileID: -4216859302048453862, guid: 00a86b716d98411458e54a2365185f9c,
        type: 3}
      propertyPath: m_LocalRotation.x
      value: -0
      objectReference: {fileID: 0}
    - target: {fileID: -4216859302048453862, guid: 00a86b716d98411458e54a2365185f9c,
        type: 3}
      propertyPath: m_LocalRotation.y
      value: -0.3923163
      objectReference: {fileID: 0}
    - target: {fileID: -4216859302048453862, guid: 00a86b716d98411458e54a2365185f9c,
        type: 3}
      propertyPath: m_LocalRotation.z
      value: -0
      objectReference: {fileID: 0}
    - target: {fileID: -4216859302048453862, guid: 00a86b716d98411458e54a2365185f9c,
        type: 3}
      propertyPath: m_LocalRotation.w
      value: 0.91983044
      objectReference: {fileID: 0}
    - target: {fileID: -4216859302048453862, guid: 00a86b716d98411458e54a2365185f9c,
        type: 3}
      propertyPath: m_RootOrder
      value: 3
      objectReference: {fileID: 0}
    - target: {fileID: -4216859302048453862, guid: 00a86b716d98411458e54a2365185f9c,
        type: 3}
      propertyPath: m_LocalEulerAnglesHint.x
      value: 0
      objectReference: {fileID: 0}
    - target: {fileID: -4216859302048453862, guid: 00a86b716d98411458e54a2365185f9c,
        type: 3}
      propertyPath: m_LocalEulerAnglesHint.y
      value: -46.197002
      objectReference: {fileID: 0}
    - target: {fileID: -4216859302048453862, guid: 00a86b716d98411458e54a2365185f9c,
        type: 3}
      propertyPath: m_LocalEulerAnglesHint.z
      value: 0
      objectReference: {fileID: 0}
    - target: {fileID: -4216859302048453862, guid: 00a86b716d98411458e54a2365185f9c,
        type: 3}
      propertyPath: m_LocalScale.x
      value: 80.18391
      objectReference: {fileID: 0}
    - target: {fileID: -4216859302048453862, guid: 00a86b716d98411458e54a2365185f9c,
        type: 3}
      propertyPath: m_LocalScale.y
      value: 80.18392
      objectReference: {fileID: 0}
    - target: {fileID: -4216859302048453862, guid: 00a86b716d98411458e54a2365185f9c,
        type: 3}
      propertyPath: m_LocalScale.z
      value: 80.18391
      objectReference: {fileID: 0}
    - target: {fileID: -3815348637671979988, guid: 00a86b716d98411458e54a2365185f9c,
        type: 3}
      propertyPath: m_Materials.Array.data[0]
      value: 
      objectReference: {fileID: 2100000, guid: eaee29018b8b0b34f8b5ba88c8f4db62, type: 2}
    - target: {fileID: -3701727588016112575, guid: 00a86b716d98411458e54a2365185f9c,
        type: 3}
      propertyPath: m_Materials.Array.data[0]
      value: 
      objectReference: {fileID: 2100000, guid: eaee29018b8b0b34f8b5ba88c8f4db62, type: 2}
    - target: {fileID: -927199367670048503, guid: 00a86b716d98411458e54a2365185f9c,
        type: 3}
      propertyPath: m_Name
      value: Tree2 (3)
      objectReference: {fileID: 0}
    - target: {fileID: 6200443131042155592, guid: 00a86b716d98411458e54a2365185f9c,
        type: 3}
      propertyPath: m_Materials.Array.data[0]
      value: 
      objectReference: {fileID: 2100000, guid: eaee29018b8b0b34f8b5ba88c8f4db62, type: 2}
    - target: {fileID: 7087200961041043365, guid: 00a86b716d98411458e54a2365185f9c,
        type: 3}
      propertyPath: m_Materials.Array.data[0]
      value: 
      objectReference: {fileID: 2100000, guid: eaee29018b8b0b34f8b5ba88c8f4db62, type: 2}
    - target: {fileID: 8249115927918959592, guid: 00a86b716d98411458e54a2365185f9c,
        type: 3}
      propertyPath: m_Materials.Array.data[0]
      value: 
      objectReference: {fileID: 2100000, guid: eaee29018b8b0b34f8b5ba88c8f4db62, type: 2}
    m_RemovedComponents: []
  m_SourcePrefab: {fileID: 100100000, guid: 00a86b716d98411458e54a2365185f9c, type: 3}
--- !u!4 &5886957259494849781 stripped
Transform:
  m_CorrespondingSourceObject: {fileID: -4216859302048453862, guid: 00a86b716d98411458e54a2365185f9c,
    type: 3}
  m_PrefabInstance: {fileID: 1497473957572466671}
  m_PrefabAsset: {fileID: 0}
--- !u!1001 &1497473957805270202
PrefabInstance:
  m_ObjectHideFlags: 0
  serializedVersion: 2
  m_Modification:
    m_TransformParent: {fileID: 891888991449727764}
    m_Modifications:
    - target: {fileID: -6283877591383234665, guid: 00a86b716d98411458e54a2365185f9c,
        type: 3}
      propertyPath: m_Materials.Array.data[0]
      value: 
      objectReference: {fileID: 2100000, guid: eaee29018b8b0b34f8b5ba88c8f4db62, type: 2}
    - target: {fileID: -4216859302048453862, guid: 00a86b716d98411458e54a2365185f9c,
        type: 3}
      propertyPath: m_LocalPosition.x
      value: 14.007185
      objectReference: {fileID: 0}
    - target: {fileID: -4216859302048453862, guid: 00a86b716d98411458e54a2365185f9c,
        type: 3}
      propertyPath: m_LocalPosition.y
      value: 4.6973023
      objectReference: {fileID: 0}
    - target: {fileID: -4216859302048453862, guid: 00a86b716d98411458e54a2365185f9c,
        type: 3}
      propertyPath: m_LocalPosition.z
      value: -16.691746
      objectReference: {fileID: 0}
    - target: {fileID: -4216859302048453862, guid: 00a86b716d98411458e54a2365185f9c,
        type: 3}
      propertyPath: m_LocalRotation.x
      value: -0
      objectReference: {fileID: 0}
    - target: {fileID: -4216859302048453862, guid: 00a86b716d98411458e54a2365185f9c,
        type: 3}
      propertyPath: m_LocalRotation.y
      value: -0.0699723
      objectReference: {fileID: 0}
    - target: {fileID: -4216859302048453862, guid: 00a86b716d98411458e54a2365185f9c,
        type: 3}
      propertyPath: m_LocalRotation.z
      value: -0
      objectReference: {fileID: 0}
    - target: {fileID: -4216859302048453862, guid: 00a86b716d98411458e54a2365185f9c,
        type: 3}
      propertyPath: m_LocalRotation.w
      value: 0.99754894
      objectReference: {fileID: 0}
    - target: {fileID: -4216859302048453862, guid: 00a86b716d98411458e54a2365185f9c,
        type: 3}
      propertyPath: m_RootOrder
      value: 1
      objectReference: {fileID: 0}
    - target: {fileID: -4216859302048453862, guid: 00a86b716d98411458e54a2365185f9c,
        type: 3}
      propertyPath: m_LocalEulerAnglesHint.x
      value: 0
      objectReference: {fileID: 0}
    - target: {fileID: -4216859302048453862, guid: 00a86b716d98411458e54a2365185f9c,
        type: 3}
      propertyPath: m_LocalEulerAnglesHint.y
      value: -8.025001
      objectReference: {fileID: 0}
    - target: {fileID: -4216859302048453862, guid: 00a86b716d98411458e54a2365185f9c,
        type: 3}
      propertyPath: m_LocalEulerAnglesHint.z
      value: 0
      objectReference: {fileID: 0}
    - target: {fileID: -4216859302048453862, guid: 00a86b716d98411458e54a2365185f9c,
        type: 3}
      propertyPath: m_LocalScale.x
      value: 66.45673
      objectReference: {fileID: 0}
    - target: {fileID: -4216859302048453862, guid: 00a86b716d98411458e54a2365185f9c,
        type: 3}
      propertyPath: m_LocalScale.y
      value: 66.45673
      objectReference: {fileID: 0}
    - target: {fileID: -4216859302048453862, guid: 00a86b716d98411458e54a2365185f9c,
        type: 3}
      propertyPath: m_LocalScale.z
      value: 66.45673
      objectReference: {fileID: 0}
    - target: {fileID: -3815348637671979988, guid: 00a86b716d98411458e54a2365185f9c,
        type: 3}
      propertyPath: m_Materials.Array.data[0]
      value: 
      objectReference: {fileID: 2100000, guid: eaee29018b8b0b34f8b5ba88c8f4db62, type: 2}
    - target: {fileID: -3701727588016112575, guid: 00a86b716d98411458e54a2365185f9c,
        type: 3}
      propertyPath: m_Materials.Array.data[0]
      value: 
      objectReference: {fileID: 2100000, guid: eaee29018b8b0b34f8b5ba88c8f4db62, type: 2}
    - target: {fileID: -927199367670048503, guid: 00a86b716d98411458e54a2365185f9c,
        type: 3}
      propertyPath: m_Name
      value: Tree2 (2)
      objectReference: {fileID: 0}
    - target: {fileID: 6200443131042155592, guid: 00a86b716d98411458e54a2365185f9c,
        type: 3}
      propertyPath: m_Materials.Array.data[0]
      value: 
      objectReference: {fileID: 2100000, guid: eaee29018b8b0b34f8b5ba88c8f4db62, type: 2}
    - target: {fileID: 7087200961041043365, guid: 00a86b716d98411458e54a2365185f9c,
        type: 3}
      propertyPath: m_Materials.Array.data[0]
      value: 
      objectReference: {fileID: 2100000, guid: eaee29018b8b0b34f8b5ba88c8f4db62, type: 2}
    - target: {fileID: 8249115927918959592, guid: 00a86b716d98411458e54a2365185f9c,
        type: 3}
      propertyPath: m_Materials.Array.data[0]
      value: 
      objectReference: {fileID: 2100000, guid: eaee29018b8b0b34f8b5ba88c8f4db62, type: 2}
    m_RemovedComponents: []
  m_SourcePrefab: {fileID: 100100000, guid: 00a86b716d98411458e54a2365185f9c, type: 3}
--- !u!4 &5886957259744350112 stripped
Transform:
  m_CorrespondingSourceObject: {fileID: -4216859302048453862, guid: 00a86b716d98411458e54a2365185f9c,
    type: 3}
  m_PrefabInstance: {fileID: 1497473957805270202}
  m_PrefabAsset: {fileID: 0}
--- !u!1001 &1497473957942272606
PrefabInstance:
  m_ObjectHideFlags: 0
  serializedVersion: 2
  m_Modification:
    m_TransformParent: {fileID: 891888991449727764}
    m_Modifications:
    - target: {fileID: -4216859302048453862, guid: 3c34637766c70f743a4ce389a9e7c545,
        type: 3}
      propertyPath: m_LocalPosition.x
      value: 11.247185
      objectReference: {fileID: 0}
    - target: {fileID: -4216859302048453862, guid: 3c34637766c70f743a4ce389a9e7c545,
        type: 3}
      propertyPath: m_LocalPosition.y
      value: 4.6973023
      objectReference: {fileID: 0}
    - target: {fileID: -4216859302048453862, guid: 3c34637766c70f743a4ce389a9e7c545,
        type: 3}
      propertyPath: m_LocalPosition.z
      value: -11.370846
      objectReference: {fileID: 0}
    - target: {fileID: -4216859302048453862, guid: 3c34637766c70f743a4ce389a9e7c545,
        type: 3}
      propertyPath: m_LocalRotation.x
      value: -0
      objectReference: {fileID: 0}
    - target: {fileID: -4216859302048453862, guid: 3c34637766c70f743a4ce389a9e7c545,
        type: 3}
      propertyPath: m_LocalRotation.y
      value: -0
      objectReference: {fileID: 0}
    - target: {fileID: -4216859302048453862, guid: 3c34637766c70f743a4ce389a9e7c545,
        type: 3}
      propertyPath: m_LocalRotation.z
      value: -0
      objectReference: {fileID: 0}
    - target: {fileID: -4216859302048453862, guid: 3c34637766c70f743a4ce389a9e7c545,
        type: 3}
      propertyPath: m_LocalRotation.w
      value: 1
      objectReference: {fileID: 0}
    - target: {fileID: -4216859302048453862, guid: 3c34637766c70f743a4ce389a9e7c545,
        type: 3}
      propertyPath: m_RootOrder
      value: 0
      objectReference: {fileID: 0}
    - target: {fileID: -4216859302048453862, guid: 3c34637766c70f743a4ce389a9e7c545,
        type: 3}
      propertyPath: m_LocalEulerAnglesHint.x
      value: 0
      objectReference: {fileID: 0}
    - target: {fileID: -4216859302048453862, guid: 3c34637766c70f743a4ce389a9e7c545,
        type: 3}
      propertyPath: m_LocalEulerAnglesHint.y
      value: 0
      objectReference: {fileID: 0}
    - target: {fileID: -4216859302048453862, guid: 3c34637766c70f743a4ce389a9e7c545,
        type: 3}
      propertyPath: m_LocalEulerAnglesHint.z
      value: 0
      objectReference: {fileID: 0}
    - target: {fileID: -4216859302048453862, guid: 3c34637766c70f743a4ce389a9e7c545,
        type: 3}
      propertyPath: m_LocalScale.x
      value: 14.268222
      objectReference: {fileID: 0}
    - target: {fileID: -4216859302048453862, guid: 3c34637766c70f743a4ce389a9e7c545,
        type: 3}
      propertyPath: m_LocalScale.y
      value: 14.268222
      objectReference: {fileID: 0}
    - target: {fileID: -4216859302048453862, guid: 3c34637766c70f743a4ce389a9e7c545,
        type: 3}
      propertyPath: m_LocalScale.z
      value: 14.268222
      objectReference: {fileID: 0}
    - target: {fileID: -927199367670048503, guid: 3c34637766c70f743a4ce389a9e7c545,
        type: 3}
      propertyPath: m_Name
      value: School
      objectReference: {fileID: 0}
    - target: {fileID: 2525857118045836520, guid: 3c34637766c70f743a4ce389a9e7c545,
        type: 3}
      propertyPath: m_LocalPosition.x
      value: 0.02
      objectReference: {fileID: 0}
    - target: {fileID: 2525857118045836520, guid: 3c34637766c70f743a4ce389a9e7c545,
        type: 3}
      propertyPath: m_LocalPosition.z
      value: -0.31
      objectReference: {fileID: 0}
    - target: {fileID: 5274469337455028838, guid: 3c34637766c70f743a4ce389a9e7c545,
        type: 3}
      propertyPath: m_LocalRotation.x
      value: -0.17331144
      objectReference: {fileID: 0}
    - target: {fileID: 5274469337455028838, guid: 3c34637766c70f743a4ce389a9e7c545,
        type: 3}
      propertyPath: m_LocalPosition.y
      value: 0.104241066
      objectReference: {fileID: 0}
    - target: {fileID: 5274469337455028838, guid: 3c34637766c70f743a4ce389a9e7c545,
        type: 3}
      propertyPath: m_LocalRotation.w
      value: 0.9848671
      objectReference: {fileID: 0}
    - target: {fileID: 5274469337455028838, guid: 3c34637766c70f743a4ce389a9e7c545,
        type: 3}
      propertyPath: m_LocalEulerAnglesHint.x
      value: -19.961
      objectReference: {fileID: 0}
    m_RemovedComponents: []
  m_SourcePrefab: {fileID: 100100000, guid: 3c34637766c70f743a4ce389a9e7c545, type: 3}
--- !u!4 &5886957259863722308 stripped
Transform:
  m_CorrespondingSourceObject: {fileID: -4216859302048453862, guid: 3c34637766c70f743a4ce389a9e7c545,
    type: 3}
  m_PrefabInstance: {fileID: 1497473957942272606}
  m_PrefabAsset: {fileID: 0}
--- !u!1001 &1497473958000834971
PrefabInstance:
  m_ObjectHideFlags: 0
  serializedVersion: 2
  m_Modification:
    m_TransformParent: {fileID: 891888991449727764}
    m_Modifications:
    - target: {fileID: -6283877591383234665, guid: 75762ae51fbe26d40b47584826773ee8,
        type: 3}
      propertyPath: m_Materials.Array.data[0]
      value: 
      objectReference: {fileID: 2100000, guid: eaee29018b8b0b34f8b5ba88c8f4db62, type: 2}
    - target: {fileID: -4216859302048453862, guid: 75762ae51fbe26d40b47584826773ee8,
        type: 3}
      propertyPath: m_LocalPosition.x
      value: 9.237185
      objectReference: {fileID: 0}
    - target: {fileID: -4216859302048453862, guid: 75762ae51fbe26d40b47584826773ee8,
        type: 3}
      propertyPath: m_LocalPosition.y
      value: 6.1073027
      objectReference: {fileID: 0}
    - target: {fileID: -4216859302048453862, guid: 75762ae51fbe26d40b47584826773ee8,
        type: 3}
      propertyPath: m_LocalPosition.z
      value: -14.177646
      objectReference: {fileID: 0}
    - target: {fileID: -4216859302048453862, guid: 75762ae51fbe26d40b47584826773ee8,
        type: 3}
      propertyPath: m_LocalRotation.x
      value: 0.025748523
      objectReference: {fileID: 0}
    - target: {fileID: -4216859302048453862, guid: 75762ae51fbe26d40b47584826773ee8,
        type: 3}
      propertyPath: m_LocalRotation.y
      value: -0.9842028
      objectReference: {fileID: 0}
    - target: {fileID: -4216859302048453862, guid: 75762ae51fbe26d40b47584826773ee8,
        type: 3}
      propertyPath: m_LocalRotation.z
      value: 0.037488222
      objectReference: {fileID: 0}
    - target: {fileID: -4216859302048453862, guid: 75762ae51fbe26d40b47584826773ee8,
        type: 3}
      propertyPath: m_LocalRotation.w
      value: -0.17110398
      objectReference: {fileID: 0}
    - target: {fileID: -4216859302048453862, guid: 75762ae51fbe26d40b47584826773ee8,
        type: 3}
      propertyPath: m_RootOrder
      value: 2
      objectReference: {fileID: 0}
    - target: {fileID: -4216859302048453862, guid: 75762ae51fbe26d40b47584826773ee8,
        type: 3}
      propertyPath: m_LocalEulerAnglesHint.x
      value: 3.726
      objectReference: {fileID: 0}
    - target: {fileID: -4216859302048453862, guid: 75762ae51fbe26d40b47584826773ee8,
        type: 3}
      propertyPath: m_LocalEulerAnglesHint.y
      value: -199.84299
      objectReference: {fileID: 0}
    - target: {fileID: -4216859302048453862, guid: 75762ae51fbe26d40b47584826773ee8,
        type: 3}
      propertyPath: m_LocalEulerAnglesHint.z
      value: -3.6490002
      objectReference: {fileID: 0}
    - target: {fileID: -4216859302048453862, guid: 75762ae51fbe26d40b47584826773ee8,
        type: 3}
      propertyPath: m_LocalScale.x
      value: 56.042103
      objectReference: {fileID: 0}
    - target: {fileID: -4216859302048453862, guid: 75762ae51fbe26d40b47584826773ee8,
        type: 3}
      propertyPath: m_LocalScale.y
      value: 56.042118
      objectReference: {fileID: 0}
    - target: {fileID: -4216859302048453862, guid: 75762ae51fbe26d40b47584826773ee8,
        type: 3}
      propertyPath: m_LocalScale.z
      value: 56.042107
      objectReference: {fileID: 0}
    - target: {fileID: -3815348637671979988, guid: 75762ae51fbe26d40b47584826773ee8,
        type: 3}
      propertyPath: m_Materials.Array.data[0]
      value: 
      objectReference: {fileID: 2100000, guid: eaee29018b8b0b34f8b5ba88c8f4db62, type: 2}
    - target: {fileID: -3701727588016112575, guid: 75762ae51fbe26d40b47584826773ee8,
        type: 3}
      propertyPath: m_Materials.Array.data[0]
      value: 
      objectReference: {fileID: 2100000, guid: eaee29018b8b0b34f8b5ba88c8f4db62, type: 2}
    - target: {fileID: -927199367670048503, guid: 75762ae51fbe26d40b47584826773ee8,
        type: 3}
      propertyPath: m_Name
      value: Tree (3)
      objectReference: {fileID: 0}
    - target: {fileID: 3905429322809234054, guid: 75762ae51fbe26d40b47584826773ee8,
        type: 3}
      propertyPath: m_LocalPosition.x
      value: 0.0111
      objectReference: {fileID: 0}
    - target: {fileID: 3905429322809234054, guid: 75762ae51fbe26d40b47584826773ee8,
        type: 3}
      propertyPath: m_LocalPosition.y
      value: 0.0084
      objectReference: {fileID: 0}
    - target: {fileID: 3905429322809234054, guid: 75762ae51fbe26d40b47584826773ee8,
        type: 3}
      propertyPath: m_LocalPosition.z
      value: -0.0007
      objectReference: {fileID: 0}
    - target: {fileID: 6200443131042155592, guid: 75762ae51fbe26d40b47584826773ee8,
        type: 3}
      propertyPath: m_Materials.Array.data[0]
      value: 
      objectReference: {fileID: 2100000, guid: eaee29018b8b0b34f8b5ba88c8f4db62, type: 2}
    - target: {fileID: 7087200961041043365, guid: 75762ae51fbe26d40b47584826773ee8,
        type: 3}
      propertyPath: m_Materials.Array.data[0]
      value: 
      objectReference: {fileID: 2100000, guid: eaee29018b8b0b34f8b5ba88c8f4db62, type: 2}
    - target: {fileID: 8249115927918959592, guid: 75762ae51fbe26d40b47584826773ee8,
        type: 3}
      propertyPath: m_Materials.Array.data[0]
      value: 
      objectReference: {fileID: 2100000, guid: eaee29018b8b0b34f8b5ba88c8f4db62, type: 2}
    m_RemovedComponents: []
  m_SourcePrefab: {fileID: 100100000, guid: 75762ae51fbe26d40b47584826773ee8, type: 3}
--- !u!4 &5886957259938861697 stripped
Transform:
  m_CorrespondingSourceObject: {fileID: -4216859302048453862, guid: 75762ae51fbe26d40b47584826773ee8,
    type: 3}
  m_PrefabInstance: {fileID: 1497473958000834971}
  m_PrefabAsset: {fileID: 0}
--- !u!1001 &1805670454210622779
PrefabInstance:
  m_ObjectHideFlags: 0
  serializedVersion: 2
  m_Modification:
    m_TransformParent: {fileID: 891888991449727764}
    m_Modifications:
    - target: {fileID: -4216859302048453862, guid: 56d696bd742f8b644978cb7d8eac1e89,
        type: 3}
      propertyPath: m_LocalPosition.x
      value: 14.307184
      objectReference: {fileID: 0}
    - target: {fileID: -4216859302048453862, guid: 56d696bd742f8b644978cb7d8eac1e89,
        type: 3}
      propertyPath: m_LocalPosition.y
      value: 5.1016026
      objectReference: {fileID: 0}
    - target: {fileID: -4216859302048453862, guid: 56d696bd742f8b644978cb7d8eac1e89,
        type: 3}
      propertyPath: m_LocalPosition.z
      value: 0.9991541
      objectReference: {fileID: 0}
    - target: {fileID: -4216859302048453862, guid: 56d696bd742f8b644978cb7d8eac1e89,
        type: 3}
      propertyPath: m_LocalRotation.x
      value: -0
      objectReference: {fileID: 0}
    - target: {fileID: -4216859302048453862, guid: 56d696bd742f8b644978cb7d8eac1e89,
        type: 3}
      propertyPath: m_LocalRotation.y
      value: -0.1890905
      objectReference: {fileID: 0}
    - target: {fileID: -4216859302048453862, guid: 56d696bd742f8b644978cb7d8eac1e89,
        type: 3}
      propertyPath: m_LocalRotation.z
      value: -0
      objectReference: {fileID: 0}
    - target: {fileID: -4216859302048453862, guid: 56d696bd742f8b644978cb7d8eac1e89,
        type: 3}
      propertyPath: m_LocalRotation.w
      value: 0.9819597
      objectReference: {fileID: 0}
    - target: {fileID: -4216859302048453862, guid: 56d696bd742f8b644978cb7d8eac1e89,
        type: 3}
      propertyPath: m_RootOrder
      value: 9
      objectReference: {fileID: 0}
    - target: {fileID: -4216859302048453862, guid: 56d696bd742f8b644978cb7d8eac1e89,
        type: 3}
      propertyPath: m_LocalEulerAnglesHint.x
      value: 0
      objectReference: {fileID: 0}
    - target: {fileID: -4216859302048453862, guid: 56d696bd742f8b644978cb7d8eac1e89,
        type: 3}
      propertyPath: m_LocalEulerAnglesHint.y
      value: -21.799002
      objectReference: {fileID: 0}
    - target: {fileID: -4216859302048453862, guid: 56d696bd742f8b644978cb7d8eac1e89,
        type: 3}
      propertyPath: m_LocalEulerAnglesHint.z
      value: 0
      objectReference: {fileID: 0}
    - target: {fileID: -4216859302048453862, guid: 56d696bd742f8b644978cb7d8eac1e89,
        type: 3}
      propertyPath: m_LocalScale.x
      value: 40.68213
      objectReference: {fileID: 0}
    - target: {fileID: -4216859302048453862, guid: 56d696bd742f8b644978cb7d8eac1e89,
        type: 3}
      propertyPath: m_LocalScale.y
      value: 40.68213
      objectReference: {fileID: 0}
    - target: {fileID: -4216859302048453862, guid: 56d696bd742f8b644978cb7d8eac1e89,
        type: 3}
      propertyPath: m_LocalScale.z
      value: 40.68213
      objectReference: {fileID: 0}
    - target: {fileID: -927199367670048503, guid: 56d696bd742f8b644978cb7d8eac1e89,
        type: 3}
      propertyPath: m_Name
      value: Rock (4)
      objectReference: {fileID: 0}
    m_RemovedComponents: []
  m_SourcePrefab: {fileID: 100100000, guid: 56d696bd742f8b644978cb7d8eac1e89, type: 3}
--- !u!4 &6662428554245824033 stripped
Transform:
  m_CorrespondingSourceObject: {fileID: -4216859302048453862, guid: 56d696bd742f8b644978cb7d8eac1e89,
    type: 3}
  m_PrefabInstance: {fileID: 1805670454210622779}
  m_PrefabAsset: {fileID: 0}
--- !u!1001 &4779210031252783828
PrefabInstance:
  m_ObjectHideFlags: 0
  serializedVersion: 2
  m_Modification:
    m_TransformParent: {fileID: 891888991449727764}
    m_Modifications:
    - target: {fileID: -4216859302048453862, guid: 56d696bd742f8b644978cb7d8eac1e89,
        type: 3}
      propertyPath: m_LocalPosition.x
      value: 14.307184
      objectReference: {fileID: 0}
    - target: {fileID: -4216859302048453862, guid: 56d696bd742f8b644978cb7d8eac1e89,
        type: 3}
      propertyPath: m_LocalPosition.y
      value: 5.1016026
      objectReference: {fileID: 0}
    - target: {fileID: -4216859302048453862, guid: 56d696bd742f8b644978cb7d8eac1e89,
        type: 3}
      propertyPath: m_LocalPosition.z
      value: -15.670846
      objectReference: {fileID: 0}
    - target: {fileID: -4216859302048453862, guid: 56d696bd742f8b644978cb7d8eac1e89,
        type: 3}
      propertyPath: m_LocalRotation.x
      value: -0
      objectReference: {fileID: 0}
    - target: {fileID: -4216859302048453862, guid: 56d696bd742f8b644978cb7d8eac1e89,
        type: 3}
      propertyPath: m_LocalRotation.y
      value: -0.1890905
      objectReference: {fileID: 0}
    - target: {fileID: -4216859302048453862, guid: 56d696bd742f8b644978cb7d8eac1e89,
        type: 3}
      propertyPath: m_LocalRotation.z
      value: -0
      objectReference: {fileID: 0}
    - target: {fileID: -4216859302048453862, guid: 56d696bd742f8b644978cb7d8eac1e89,
        type: 3}
      propertyPath: m_LocalRotation.w
      value: 0.9819597
      objectReference: {fileID: 0}
    - target: {fileID: -4216859302048453862, guid: 56d696bd742f8b644978cb7d8eac1e89,
        type: 3}
      propertyPath: m_RootOrder
      value: 8
      objectReference: {fileID: 0}
    - target: {fileID: -4216859302048453862, guid: 56d696bd742f8b644978cb7d8eac1e89,
        type: 3}
      propertyPath: m_LocalEulerAnglesHint.x
      value: 0
      objectReference: {fileID: 0}
    - target: {fileID: -4216859302048453862, guid: 56d696bd742f8b644978cb7d8eac1e89,
        type: 3}
      propertyPath: m_LocalEulerAnglesHint.y
      value: -21.799002
      objectReference: {fileID: 0}
    - target: {fileID: -4216859302048453862, guid: 56d696bd742f8b644978cb7d8eac1e89,
        type: 3}
      propertyPath: m_LocalEulerAnglesHint.z
      value: 0
      objectReference: {fileID: 0}
    - target: {fileID: -4216859302048453862, guid: 56d696bd742f8b644978cb7d8eac1e89,
        type: 3}
      propertyPath: m_LocalScale.x
      value: 40.68213
      objectReference: {fileID: 0}
    - target: {fileID: -4216859302048453862, guid: 56d696bd742f8b644978cb7d8eac1e89,
        type: 3}
      propertyPath: m_LocalScale.y
      value: 40.68213
      objectReference: {fileID: 0}
    - target: {fileID: -4216859302048453862, guid: 56d696bd742f8b644978cb7d8eac1e89,
        type: 3}
      propertyPath: m_LocalScale.z
      value: 40.68213
      objectReference: {fileID: 0}
    - target: {fileID: -927199367670048503, guid: 56d696bd742f8b644978cb7d8eac1e89,
        type: 3}
      propertyPath: m_Name
      value: Rock (3)
      objectReference: {fileID: 0}
    m_RemovedComponents: []
  m_SourcePrefab: {fileID: 100100000, guid: 56d696bd742f8b644978cb7d8eac1e89, type: 3}
--- !u!4 &516118442753386958 stripped
Transform:
  m_CorrespondingSourceObject: {fileID: -4216859302048453862, guid: 56d696bd742f8b644978cb7d8eac1e89,
    type: 3}
  m_PrefabInstance: {fileID: 4779210031252783828}
  m_PrefabAsset: {fileID: 0}
--- !u!1001 &5077829100769291055
PrefabInstance:
  m_ObjectHideFlags: 0
  serializedVersion: 2
  m_Modification:
    m_TransformParent: {fileID: 891888991449727764}
    m_Modifications:
    - target: {fileID: -4216859302048453862, guid: 56d696bd742f8b644978cb7d8eac1e89,
        type: 3}
      propertyPath: m_LocalPosition.x
      value: 10.717185
      objectReference: {fileID: 0}
    - target: {fileID: -4216859302048453862, guid: 56d696bd742f8b644978cb7d8eac1e89,
        type: 3}
      propertyPath: m_LocalPosition.y
      value: 5.1016026
      objectReference: {fileID: 0}
    - target: {fileID: -4216859302048453862, guid: 56d696bd742f8b644978cb7d8eac1e89,
        type: 3}
      propertyPath: m_LocalPosition.z
      value: -8.480845
      objectReference: {fileID: 0}
    - target: {fileID: -4216859302048453862, guid: 56d696bd742f8b644978cb7d8eac1e89,
        type: 3}
      propertyPath: m_LocalRotation.x
      value: -0
      objectReference: {fileID: 0}
    - target: {fileID: -4216859302048453862, guid: 56d696bd742f8b644978cb7d8eac1e89,
        type: 3}
      propertyPath: m_LocalRotation.y
      value: 0.15016721
      objectReference: {fileID: 0}
    - target: {fileID: -4216859302048453862, guid: 56d696bd742f8b644978cb7d8eac1e89,
        type: 3}
      propertyPath: m_LocalRotation.z
      value: -0
      objectReference: {fileID: 0}
    - target: {fileID: -4216859302048453862, guid: 56d696bd742f8b644978cb7d8eac1e89,
        type: 3}
      propertyPath: m_LocalRotation.w
      value: 0.98866063
      objectReference: {fileID: 0}
    - target: {fileID: -4216859302048453862, guid: 56d696bd742f8b644978cb7d8eac1e89,
        type: 3}
      propertyPath: m_RootOrder
      value: 5
      objectReference: {fileID: 0}
    - target: {fileID: -4216859302048453862, guid: 56d696bd742f8b644978cb7d8eac1e89,
        type: 3}
      propertyPath: m_LocalEulerAnglesHint.x
      value: 0
      objectReference: {fileID: 0}
    - target: {fileID: -4216859302048453862, guid: 56d696bd742f8b644978cb7d8eac1e89,
        type: 3}
      propertyPath: m_LocalEulerAnglesHint.y
      value: 17.273
      objectReference: {fileID: 0}
    - target: {fileID: -4216859302048453862, guid: 56d696bd742f8b644978cb7d8eac1e89,
        type: 3}
      propertyPath: m_LocalEulerAnglesHint.z
      value: 0
      objectReference: {fileID: 0}
    - target: {fileID: -4216859302048453862, guid: 56d696bd742f8b644978cb7d8eac1e89,
        type: 3}
      propertyPath: m_LocalScale.x
      value: 40.68213
      objectReference: {fileID: 0}
    - target: {fileID: -4216859302048453862, guid: 56d696bd742f8b644978cb7d8eac1e89,
        type: 3}
      propertyPath: m_LocalScale.y
      value: 40.68213
      objectReference: {fileID: 0}
    - target: {fileID: -4216859302048453862, guid: 56d696bd742f8b644978cb7d8eac1e89,
        type: 3}
      propertyPath: m_LocalScale.z
      value: 40.68213
      objectReference: {fileID: 0}
    - target: {fileID: -927199367670048503, guid: 56d696bd742f8b644978cb7d8eac1e89,
        type: 3}
      propertyPath: m_Name
      value: Rock
      objectReference: {fileID: 0}
    m_RemovedComponents: []
  m_SourcePrefab: {fileID: 100100000, guid: 56d696bd742f8b644978cb7d8eac1e89, type: 3}
--- !u!4 &216918695071907893 stripped
Transform:
  m_CorrespondingSourceObject: {fileID: -4216859302048453862, guid: 56d696bd742f8b644978cb7d8eac1e89,
    type: 3}
  m_PrefabInstance: {fileID: 5077829100769291055}
  m_PrefabAsset: {fileID: 0}
--- !u!1001 &5763982100750202087
PrefabInstance:
  m_ObjectHideFlags: 0
  serializedVersion: 2
  m_Modification:
    m_TransformParent: {fileID: 891888991449727764}
    m_Modifications:
    - target: {fileID: -4216859302048453862, guid: 56d696bd742f8b644978cb7d8eac1e89,
        type: 3}
      propertyPath: m_LocalPosition.x
      value: 7.637185
      objectReference: {fileID: 0}
    - target: {fileID: -4216859302048453862, guid: 56d696bd742f8b644978cb7d8eac1e89,
        type: 3}
      propertyPath: m_LocalPosition.y
      value: 5.1016026
      objectReference: {fileID: 0}
    - target: {fileID: -4216859302048453862, guid: 56d696bd742f8b644978cb7d8eac1e89,
        type: 3}
      propertyPath: m_LocalPosition.z
      value: 0.9991541
      objectReference: {fileID: 0}
    - target: {fileID: -4216859302048453862, guid: 56d696bd742f8b644978cb7d8eac1e89,
        type: 3}
      propertyPath: m_LocalRotation.x
      value: -0
      objectReference: {fileID: 0}
    - target: {fileID: -4216859302048453862, guid: 56d696bd742f8b644978cb7d8eac1e89,
        type: 3}
      propertyPath: m_LocalRotation.y
      value: -0.1890905
      objectReference: {fileID: 0}
    - target: {fileID: -4216859302048453862, guid: 56d696bd742f8b644978cb7d8eac1e89,
        type: 3}
      propertyPath: m_LocalRotation.z
      value: -0
      objectReference: {fileID: 0}
    - target: {fileID: -4216859302048453862, guid: 56d696bd742f8b644978cb7d8eac1e89,
        type: 3}
      propertyPath: m_LocalRotation.w
      value: 0.9819597
      objectReference: {fileID: 0}
    - target: {fileID: -4216859302048453862, guid: 56d696bd742f8b644978cb7d8eac1e89,
        type: 3}
      propertyPath: m_RootOrder
      value: 10
      objectReference: {fileID: 0}
    - target: {fileID: -4216859302048453862, guid: 56d696bd742f8b644978cb7d8eac1e89,
        type: 3}
      propertyPath: m_LocalEulerAnglesHint.x
      value: 0
      objectReference: {fileID: 0}
    - target: {fileID: -4216859302048453862, guid: 56d696bd742f8b644978cb7d8eac1e89,
        type: 3}
      propertyPath: m_LocalEulerAnglesHint.y
      value: -21.799002
      objectReference: {fileID: 0}
    - target: {fileID: -4216859302048453862, guid: 56d696bd742f8b644978cb7d8eac1e89,
        type: 3}
      propertyPath: m_LocalEulerAnglesHint.z
      value: 0
      objectReference: {fileID: 0}
    - target: {fileID: -4216859302048453862, guid: 56d696bd742f8b644978cb7d8eac1e89,
        type: 3}
      propertyPath: m_LocalScale.x
      value: 40.68213
      objectReference: {fileID: 0}
    - target: {fileID: -4216859302048453862, guid: 56d696bd742f8b644978cb7d8eac1e89,
        type: 3}
      propertyPath: m_LocalScale.y
      value: 40.68213
      objectReference: {fileID: 0}
    - target: {fileID: -4216859302048453862, guid: 56d696bd742f8b644978cb7d8eac1e89,
        type: 3}
      propertyPath: m_LocalScale.z
      value: 40.68213
      objectReference: {fileID: 0}
    - target: {fileID: -927199367670048503, guid: 56d696bd742f8b644978cb7d8eac1e89,
        type: 3}
      propertyPath: m_Name
      value: Rock (5)
      objectReference: {fileID: 0}
    m_RemovedComponents: []
  m_SourcePrefab: {fileID: 100100000, guid: 56d696bd742f8b644978cb7d8eac1e89, type: 3}
--- !u!4 &758702468270219261 stripped
Transform:
  m_CorrespondingSourceObject: {fileID: -4216859302048453862, guid: 56d696bd742f8b644978cb7d8eac1e89,
    type: 3}
  m_PrefabInstance: {fileID: 5763982100750202087}
  m_PrefabAsset: {fileID: 0}
--- !u!1001 &6192134659113557995
PrefabInstance:
  m_ObjectHideFlags: 0
  serializedVersion: 2
  m_Modification:
    m_TransformParent: {fileID: 891888991449727764}
    m_Modifications:
    - target: {fileID: -4216859302048453862, guid: 56d696bd742f8b644978cb7d8eac1e89,
        type: 3}
      propertyPath: m_LocalPosition.x
      value: 7.4871845
      objectReference: {fileID: 0}
    - target: {fileID: -4216859302048453862, guid: 56d696bd742f8b644978cb7d8eac1e89,
        type: 3}
      propertyPath: m_LocalPosition.y
      value: 5.1016026
      objectReference: {fileID: 0}
    - target: {fileID: -4216859302048453862, guid: 56d696bd742f8b644978cb7d8eac1e89,
        type: 3}
      propertyPath: m_LocalPosition.z
      value: -14.610846
      objectReference: {fileID: 0}
    - target: {fileID: -4216859302048453862, guid: 56d696bd742f8b644978cb7d8eac1e89,
        type: 3}
      propertyPath: m_LocalRotation.x
      value: -0
      objectReference: {fileID: 0}
    - target: {fileID: -4216859302048453862, guid: 56d696bd742f8b644978cb7d8eac1e89,
        type: 3}
      propertyPath: m_LocalRotation.y
      value: 0.6122889
      objectReference: {fileID: 0}
    - target: {fileID: -4216859302048453862, guid: 56d696bd742f8b644978cb7d8eac1e89,
        type: 3}
      propertyPath: m_LocalRotation.z
      value: -0
      objectReference: {fileID: 0}
    - target: {fileID: -4216859302048453862, guid: 56d696bd742f8b644978cb7d8eac1e89,
        type: 3}
      propertyPath: m_LocalRotation.w
      value: 0.79063416
      objectReference: {fileID: 0}
    - target: {fileID: -4216859302048453862, guid: 56d696bd742f8b644978cb7d8eac1e89,
        type: 3}
      propertyPath: m_RootOrder
      value: 7
      objectReference: {fileID: 0}
    - target: {fileID: -4216859302048453862, guid: 56d696bd742f8b644978cb7d8eac1e89,
        type: 3}
      propertyPath: m_LocalEulerAnglesHint.x
      value: 0
      objectReference: {fileID: 0}
    - target: {fileID: -4216859302048453862, guid: 56d696bd742f8b644978cb7d8eac1e89,
        type: 3}
      propertyPath: m_LocalEulerAnglesHint.y
      value: 75.51
      objectReference: {fileID: 0}
    - target: {fileID: -4216859302048453862, guid: 56d696bd742f8b644978cb7d8eac1e89,
        type: 3}
      propertyPath: m_LocalEulerAnglesHint.z
      value: 0
      objectReference: {fileID: 0}
    - target: {fileID: -4216859302048453862, guid: 56d696bd742f8b644978cb7d8eac1e89,
        type: 3}
      propertyPath: m_LocalScale.x
      value: 40.682133
      objectReference: {fileID: 0}
    - target: {fileID: -4216859302048453862, guid: 56d696bd742f8b644978cb7d8eac1e89,
        type: 3}
      propertyPath: m_LocalScale.y
      value: 40.68213
      objectReference: {fileID: 0}
    - target: {fileID: -4216859302048453862, guid: 56d696bd742f8b644978cb7d8eac1e89,
        type: 3}
      propertyPath: m_LocalScale.z
      value: 40.682133
      objectReference: {fileID: 0}
    - target: {fileID: -927199367670048503, guid: 56d696bd742f8b644978cb7d8eac1e89,
        type: 3}
      propertyPath: m_Name
      value: Rock (2)
      objectReference: {fileID: 0}
    m_RemovedComponents: []
  m_SourcePrefab: {fileID: 100100000, guid: 56d696bd742f8b644978cb7d8eac1e89, type: 3}
--- !u!4 &1194673692437689585 stripped
Transform:
  m_CorrespondingSourceObject: {fileID: -4216859302048453862, guid: 56d696bd742f8b644978cb7d8eac1e89,
    type: 3}
  m_PrefabInstance: {fileID: 6192134659113557995}
  m_PrefabAsset: {fileID: 0}
--- !u!1001 &7439772016812870986
PrefabInstance:
  m_ObjectHideFlags: 0
  serializedVersion: 2
  m_Modification:
    m_TransformParent: {fileID: 891888991449727764}
    m_Modifications:
    - target: {fileID: -4216859302048453862, guid: 56d696bd742f8b644978cb7d8eac1e89,
        type: 3}
      propertyPath: m_LocalPosition.x
      value: 10.457185
      objectReference: {fileID: 0}
    - target: {fileID: -4216859302048453862, guid: 56d696bd742f8b644978cb7d8eac1e89,
        type: 3}
      propertyPath: m_LocalPosition.y
      value: 4.4773026
      objectReference: {fileID: 0}
    - target: {fileID: -4216859302048453862, guid: 56d696bd742f8b644978cb7d8eac1e89,
        type: 3}
      propertyPath: m_LocalPosition.z
      value: 1.5060482
      objectReference: {fileID: 0}
    - target: {fileID: -4216859302048453862, guid: 56d696bd742f8b644978cb7d8eac1e89,
        type: 3}
      propertyPath: m_LocalRotation.x
      value: -0.2012623
      objectReference: {fileID: 0}
    - target: {fileID: -4216859302048453862, guid: 56d696bd742f8b644978cb7d8eac1e89,
        type: 3}
      propertyPath: m_LocalRotation.y
      value: -0.16105716
      objectReference: {fileID: 0}
    - target: {fileID: -4216859302048453862, guid: 56d696bd742f8b644978cb7d8eac1e89,
        type: 3}
      propertyPath: m_LocalRotation.z
      value: -0.09189632
      objectReference: {fileID: 0}
    - target: {fileID: -4216859302048453862, guid: 56d696bd742f8b644978cb7d8eac1e89,
        type: 3}
      propertyPath: m_LocalRotation.w
      value: 0.96182597
      objectReference: {fileID: 0}
    - target: {fileID: -4216859302048453862, guid: 56d696bd742f8b644978cb7d8eac1e89,
        type: 3}
      propertyPath: m_RootOrder
      value: 11
      objectReference: {fileID: 0}
    - target: {fileID: -4216859302048453862, guid: 56d696bd742f8b644978cb7d8eac1e89,
        type: 3}
      propertyPath: m_LocalEulerAnglesHint.x
      value: -24.630001
      objectReference: {fileID: 0}
    - target: {fileID: -4216859302048453862, guid: 56d696bd742f8b644978cb7d8eac1e89,
        type: 3}
      propertyPath: m_LocalEulerAnglesHint.y
      value: -17.466002
      objectReference: {fileID: 0}
    - target: {fileID: -4216859302048453862, guid: 56d696bd742f8b644978cb7d8eac1e89,
        type: 3}
      propertyPath: m_LocalEulerAnglesHint.z
      value: -7.0740004
      objectReference: {fileID: 0}
    - target: {fileID: -4216859302048453862, guid: 56d696bd742f8b644978cb7d8eac1e89,
        type: 3}
      propertyPath: m_LocalScale.x
      value: 40.68213
      objectReference: {fileID: 0}
    - target: {fileID: -4216859302048453862, guid: 56d696bd742f8b644978cb7d8eac1e89,
        type: 3}
      propertyPath: m_LocalScale.y
      value: 40.68213
      objectReference: {fileID: 0}
    - target: {fileID: -4216859302048453862, guid: 56d696bd742f8b644978cb7d8eac1e89,
        type: 3}
      propertyPath: m_LocalScale.z
      value: 40.68213
      objectReference: {fileID: 0}
    - target: {fileID: -927199367670048503, guid: 56d696bd742f8b644978cb7d8eac1e89,
        type: 3}
      propertyPath: m_Name
      value: Rock (6)
      objectReference: {fileID: 0}
    m_RemovedComponents: []
  m_SourcePrefab: {fileID: 100100000, guid: 56d696bd742f8b644978cb7d8eac1e89, type: 3}
--- !u!4 &2469615222442976848 stripped
Transform:
  m_CorrespondingSourceObject: {fileID: -4216859302048453862, guid: 56d696bd742f8b644978cb7d8eac1e89,
    type: 3}
  m_PrefabInstance: {fileID: 7439772016812870986}
  m_PrefabAsset: {fileID: 0}
--- !u!1001 &8813448071615962169
PrefabInstance:
  m_ObjectHideFlags: 0
  serializedVersion: 2
  m_Modification:
    m_TransformParent: {fileID: 891888991449727764}
    m_Modifications:
    - target: {fileID: -4216859302048453862, guid: 56d696bd742f8b644978cb7d8eac1e89,
        type: 3}
      propertyPath: m_LocalPosition.x
      value: 7.4871845
      objectReference: {fileID: 0}
    - target: {fileID: -4216859302048453862, guid: 56d696bd742f8b644978cb7d8eac1e89,
        type: 3}
      propertyPath: m_LocalPosition.y
      value: 5.1016026
      objectReference: {fileID: 0}
    - target: {fileID: -4216859302048453862, guid: 56d696bd742f8b644978cb7d8eac1e89,
        type: 3}
      propertyPath: m_LocalPosition.z
      value: -5.870846
      objectReference: {fileID: 0}
    - target: {fileID: -4216859302048453862, guid: 56d696bd742f8b644978cb7d8eac1e89,
        type: 3}
      propertyPath: m_LocalRotation.x
      value: -0
      objectReference: {fileID: 0}
    - target: {fileID: -4216859302048453862, guid: 56d696bd742f8b644978cb7d8eac1e89,
        type: 3}
      propertyPath: m_LocalRotation.y
      value: 0.93671995
      objectReference: {fileID: 0}
    - target: {fileID: -4216859302048453862, guid: 56d696bd742f8b644978cb7d8eac1e89,
        type: 3}
      propertyPath: m_LocalRotation.z
      value: -0
      objectReference: {fileID: 0}
    - target: {fileID: -4216859302048453862, guid: 56d696bd742f8b644978cb7d8eac1e89,
        type: 3}
      propertyPath: m_LocalRotation.w
      value: 0.3500796
      objectReference: {fileID: 0}
    - target: {fileID: -4216859302048453862, guid: 56d696bd742f8b644978cb7d8eac1e89,
        type: 3}
      propertyPath: m_RootOrder
      value: 6
      objectReference: {fileID: 0}
    - target: {fileID: -4216859302048453862, guid: 56d696bd742f8b644978cb7d8eac1e89,
        type: 3}
      propertyPath: m_LocalEulerAnglesHint.x
      value: 0
      objectReference: {fileID: 0}
    - target: {fileID: -4216859302048453862, guid: 56d696bd742f8b644978cb7d8eac1e89,
        type: 3}
      propertyPath: m_LocalEulerAnglesHint.y
      value: 139.016
      objectReference: {fileID: 0}
    - target: {fileID: -4216859302048453862, guid: 56d696bd742f8b644978cb7d8eac1e89,
        type: 3}
      propertyPath: m_LocalEulerAnglesHint.z
      value: 0
      objectReference: {fileID: 0}
    - target: {fileID: -4216859302048453862, guid: 56d696bd742f8b644978cb7d8eac1e89,
        type: 3}
      propertyPath: m_LocalScale.x
      value: 40.68213
      objectReference: {fileID: 0}
    - target: {fileID: -4216859302048453862, guid: 56d696bd742f8b644978cb7d8eac1e89,
        type: 3}
      propertyPath: m_LocalScale.y
      value: 40.68213
      objectReference: {fileID: 0}
    - target: {fileID: -4216859302048453862, guid: 56d696bd742f8b644978cb7d8eac1e89,
        type: 3}
      propertyPath: m_LocalScale.z
      value: 40.68213
      objectReference: {fileID: 0}
    - target: {fileID: -927199367670048503, guid: 56d696bd742f8b644978cb7d8eac1e89,
        type: 3}
      propertyPath: m_Name
      value: Rock (1)
      objectReference: {fileID: 0}
    m_RemovedComponents: []
  m_SourcePrefab: {fileID: 100100000, guid: 56d696bd742f8b644978cb7d8eac1e89, type: 3}
--- !u!4 &4554578062324070179 stripped
Transform:
  m_CorrespondingSourceObject: {fileID: -4216859302048453862, guid: 56d696bd742f8b644978cb7d8eac1e89,
    type: 3}
  m_PrefabInstance: {fileID: 8813448071615962169}
  m_PrefabAsset: {fileID: 0}
