%YAML 1.1
%TAG !u! tag:unity3d.com,2011:
--- !u!29 &1
OcclusionCullingSettings:
  m_ObjectHideFlags: 0
  serializedVersion: 2
  m_OcclusionBakeSettings:
    smallestOccluder: 5
    smallestHole: 0.25
    backfaceThreshold: 100
  m_SceneGUID: 00000000000000000000000000000000
  m_OcclusionCullingData: {fileID: 0}
--- !u!104 &2
RenderSettings:
  m_ObjectHideFlags: 0
  serializedVersion: 9
  m_Fog: 0
  m_FogColor: {r: 0.5, g: 0.5, b: 0.5, a: 1}
  m_FogMode: 3
  m_FogDensity: 0.01
  m_LinearFogStart: 0
  m_LinearFogEnd: 300
  m_AmbientSkyColor: {r: 0.212, g: 0.227, b: 0.259, a: 1}
  m_AmbientEquatorColor: {r: 0.114, g: 0.125, b: 0.133, a: 1}
  m_AmbientGroundColor: {r: 0.047, g: 0.043, b: 0.035, a: 1}
  m_AmbientIntensity: 1
  m_AmbientMode: 0
  m_SubtractiveShadowColor: {r: 0.42, g: 0.478, b: 0.627, a: 1}
  m_SkyboxMaterial: {fileID: 10304, guid: 0000000000000000f000000000000000, type: 0}
  m_HaloStrength: 0.5
  m_FlareStrength: 1
  m_FlareFadeSpeed: 3
  m_HaloTexture: {fileID: 0}
  m_SpotCookie: {fileID: 10001, guid: 0000000000000000e000000000000000, type: 0}
  m_DefaultReflectionMode: 0
  m_DefaultReflectionResolution: 128
  m_ReflectionBounces: 1
  m_ReflectionIntensity: 1
  m_CustomReflection: {fileID: 0}
  m_Sun: {fileID: 705507994}
  m_IndirectSpecularColor: {r: 0, g: 0, b: 0, a: 1}
  m_UseRadianceAmbientProbe: 0
--- !u!157 &3
LightmapSettings:
  m_ObjectHideFlags: 0
  serializedVersion: 11
  m_GIWorkflowMode: 1
  m_GISettings:
    serializedVersion: 2
    m_BounceScale: 1
    m_IndirectOutputScale: 1
    m_AlbedoBoost: 1
    m_EnvironmentLightingMode: 0
    m_EnableBakedLightmaps: 1
    m_EnableRealtimeLightmaps: 0
  m_LightmapEditorSettings:
    serializedVersion: 12
    m_Resolution: 2
    m_BakeResolution: 40
    m_AtlasSize: 1024
    m_AO: 0
    m_AOMaxDistance: 1
    m_CompAOExponent: 1
    m_CompAOExponentDirect: 0
    m_ExtractAmbientOcclusion: 0
    m_Padding: 2
    m_LightmapParameters: {fileID: 0}
    m_LightmapsBakeMode: 1
    m_TextureCompression: 1
    m_FinalGather: 0
    m_FinalGatherFiltering: 1
    m_FinalGatherRayCount: 256
    m_ReflectionCompression: 2
    m_MixedBakeMode: 2
    m_BakeBackend: 1
    m_PVRSampling: 1
    m_PVRDirectSampleCount: 32
    m_PVRSampleCount: 500
    m_PVRBounces: 2
    m_PVREnvironmentSampleCount: 500
    m_PVREnvironmentReferencePointCount: 2048
    m_PVRFilteringMode: 2
    m_PVRDenoiserTypeDirect: 0
    m_PVRDenoiserTypeIndirect: 0
    m_PVRDenoiserTypeAO: 0
    m_PVRFilterTypeDirect: 0
    m_PVRFilterTypeIndirect: 0
    m_PVRFilterTypeAO: 0
    m_PVREnvironmentMIS: 0
    m_PVRCulling: 1
    m_PVRFilteringGaussRadiusDirect: 1
    m_PVRFilteringGaussRadiusIndirect: 5
    m_PVRFilteringGaussRadiusAO: 2
    m_PVRFilteringAtrousPositionSigmaDirect: 0.5
    m_PVRFilteringAtrousPositionSigmaIndirect: 2
    m_PVRFilteringAtrousPositionSigmaAO: 1
    m_ExportTrainingData: 0
    m_TrainingDataDestination: TrainingData
    m_LightProbeSampleCountMultiplier: 4
  m_LightingDataAsset: {fileID: 0}
  m_UseShadowmask: 1
--- !u!196 &4
NavMeshSettings:
  serializedVersion: 2
  m_ObjectHideFlags: 0
  m_BuildSettings:
    serializedVersion: 2
    agentTypeID: 0
    agentRadius: 0.5
    agentHeight: 2
    agentSlope: 45
    agentClimb: 0.4
    ledgeDropHeight: 0
    maxJumpAcrossDistance: 0
    minRegionArea: 2
    manualCellSize: 0
    cellSize: 0.16666667
    manualTileSize: 0
    tileSize: 256
    accuratePlacement: 0
    debug:
      m_Flags: 0
  m_NavMeshData: {fileID: 0}
--- !u!224 &48337343 stripped
RectTransform:
  m_CorrespondingSourceObject: {fileID: 6373566910487842591, guid: fd61eb6c5666e450cb5725dd5dd19c03,
    type: 3}
  m_PrefabInstance: {fileID: 6373566910443708064}
  m_PrefabAsset: {fileID: 0}
--- !u!114 &48337344 stripped
MonoBehaviour:
  m_CorrespondingSourceObject: {fileID: 6373566910487842656, guid: fd61eb6c5666e450cb5725dd5dd19c03,
    type: 3}
  m_PrefabInstance: {fileID: 6373566910443708064}
  m_PrefabAsset: {fileID: 0}
  m_GameObject: {fileID: 0}
  m_Enabled: 1
  m_EditorHideFlags: 0
  m_Script: {fileID: 11500000, guid: 67db9e8f0e2ae9c40bc1e2b64352a6b4, type: 3}
  m_Name: 
  m_EditorClassIdentifier: 
--- !u!1001 &140120080
PrefabInstance:
  m_ObjectHideFlags: 0
  serializedVersion: 2
  m_Modification:
    m_TransformParent: {fileID: 1185453011}
    m_Modifications:
    - target: {fileID: -4216859302048453862, guid: ad163000d3735b7429717ccb3b17b376,
        type: 3}
      propertyPath: m_LocalPosition.x
      value: 0.0000000041692343
      objectReference: {fileID: 0}
    - target: {fileID: -4216859302048453862, guid: ad163000d3735b7429717ccb3b17b376,
        type: 3}
      propertyPath: m_LocalPosition.y
      value: 0.253
      objectReference: {fileID: 0}
    - target: {fileID: -4216859302048453862, guid: ad163000d3735b7429717ccb3b17b376,
        type: 3}
      propertyPath: m_LocalPosition.z
      value: -2.498
      objectReference: {fileID: 0}
    - target: {fileID: -4216859302048453862, guid: ad163000d3735b7429717ccb3b17b376,
        type: 3}
      propertyPath: m_LocalRotation.x
      value: 0
      objectReference: {fileID: 0}
    - target: {fileID: -4216859302048453862, guid: ad163000d3735b7429717ccb3b17b376,
        type: 3}
      propertyPath: m_LocalRotation.y
      value: -0
      objectReference: {fileID: 0}
    - target: {fileID: -4216859302048453862, guid: ad163000d3735b7429717ccb3b17b376,
        type: 3}
      propertyPath: m_LocalRotation.z
      value: -0
      objectReference: {fileID: 0}
    - target: {fileID: -4216859302048453862, guid: ad163000d3735b7429717ccb3b17b376,
        type: 3}
      propertyPath: m_LocalRotation.w
      value: 1
      objectReference: {fileID: 0}
    - target: {fileID: -4216859302048453862, guid: ad163000d3735b7429717ccb3b17b376,
        type: 3}
      propertyPath: m_RootOrder
      value: 3
      objectReference: {fileID: 0}
    - target: {fileID: -4216859302048453862, guid: ad163000d3735b7429717ccb3b17b376,
        type: 3}
      propertyPath: m_LocalEulerAnglesHint.x
      value: 0
      objectReference: {fileID: 0}
    - target: {fileID: -4216859302048453862, guid: ad163000d3735b7429717ccb3b17b376,
        type: 3}
      propertyPath: m_LocalEulerAnglesHint.y
      value: 0
      objectReference: {fileID: 0}
    - target: {fileID: -4216859302048453862, guid: ad163000d3735b7429717ccb3b17b376,
        type: 3}
      propertyPath: m_LocalEulerAnglesHint.z
      value: 0
      objectReference: {fileID: 0}
    - target: {fileID: -4216859302048453862, guid: ad163000d3735b7429717ccb3b17b376,
        type: 3}
      propertyPath: m_LocalScale.x
      value: 17.824993
      objectReference: {fileID: 0}
    - target: {fileID: -4216859302048453862, guid: ad163000d3735b7429717ccb3b17b376,
        type: 3}
      propertyPath: m_LocalScale.y
      value: 17.824993
      objectReference: {fileID: 0}
    - target: {fileID: -4216859302048453862, guid: ad163000d3735b7429717ccb3b17b376,
        type: 3}
      propertyPath: m_LocalScale.z
      value: 17.824993
      objectReference: {fileID: 0}
    - target: {fileID: -927199367670048503, guid: ad163000d3735b7429717ccb3b17b376,
        type: 3}
      propertyPath: m_Name
      value: Milk Bowl
      objectReference: {fileID: 0}
    - target: {fileID: -927199367670048503, guid: ad163000d3735b7429717ccb3b17b376,
        type: 3}
      propertyPath: m_IsActive
      value: 1
      objectReference: {fileID: 0}
    - target: {fileID: 2223137866138522748, guid: ad163000d3735b7429717ccb3b17b376,
        type: 3}
      propertyPath: m_IsActive
      value: 0
      objectReference: {fileID: 0}
    m_RemovedComponents: []
  m_SourcePrefab: {fileID: 100100000, guid: ad163000d3735b7429717ccb3b17b376, type: 3}
--- !u!4 &140120081 stripped
Transform:
  m_CorrespondingSourceObject: {fileID: -4216859302048453862, guid: ad163000d3735b7429717ccb3b17b376,
    type: 3}
  m_PrefabInstance: {fileID: 140120080}
  m_PrefabAsset: {fileID: 0}
--- !u!1 &354174134 stripped
GameObject:
  m_CorrespondingSourceObject: {fileID: -1460677847107243113, guid: ad163000d3735b7429717ccb3b17b376,
    type: 3}
  m_PrefabInstance: {fileID: 140120080}
  m_PrefabAsset: {fileID: 0}
--- !u!64 &354174138
MeshCollider:
  m_ObjectHideFlags: 0
  m_CorrespondingSourceObject: {fileID: 0}
  m_PrefabInstance: {fileID: 0}
  m_PrefabAsset: {fileID: 0}
  m_GameObject: {fileID: 354174134}
  m_Material: {fileID: 0}
  m_IsTrigger: 0
  m_Enabled: 1
  serializedVersion: 4
  m_Convex: 0
  m_CookingOptions: 30
  m_Mesh: {fileID: 477525350536967170, guid: ad163000d3735b7429717ccb3b17b376, type: 3}
--- !u!4 &358708674 stripped
Transform:
  m_CorrespondingSourceObject: {fileID: 446749441349870397, guid: 7bac39d3a14e54de2b3f99c017a8c89c,
    type: 3}
  m_PrefabInstance: {fileID: 1614794513}
  m_PrefabAsset: {fileID: 0}
--- !u!95 &358708675 stripped
Animator:
  m_CorrespondingSourceObject: {fileID: 4848574636618316023, guid: 7bac39d3a14e54de2b3f99c017a8c89c,
    type: 3}
  m_PrefabInstance: {fileID: 1614794513}
  m_PrefabAsset: {fileID: 0}
--- !u!1 &402759449
GameObject:
  m_ObjectHideFlags: 0
  m_CorrespondingSourceObject: {fileID: 0}
  m_PrefabInstance: {fileID: 0}
  m_PrefabAsset: {fileID: 0}
  serializedVersion: 6
  m_Component:
  - component: {fileID: 402759450}
  - component: {fileID: 402759451}
  - component: {fileID: 402759452}
  - component: {fileID: 402759453}
  m_Layer: 5
  m_Name: Handle
  m_TagString: Untagged
  m_Icon: {fileID: 0}
  m_NavMeshLayer: 0
  m_StaticEditorFlags: 0
  m_IsActive: 1
--- !u!224 &402759450
RectTransform:
  m_ObjectHideFlags: 0
  m_CorrespondingSourceObject: {fileID: 0}
  m_PrefabInstance: {fileID: 0}
  m_PrefabAsset: {fileID: 0}
  m_GameObject: {fileID: 402759449}
  m_LocalRotation: {x: -0, y: -0, z: -0, w: 1}
  m_LocalPosition: {x: 0, y: 0, z: 0}
  m_LocalScale: {x: 1, y: 1, z: 1}
  m_Children: []
  m_Father: {fileID: 1555154242}
  m_RootOrder: 0
  m_LocalEulerAnglesHint: {x: 0, y: 0, z: 0}
  m_AnchorMin: {x: 0.5, y: 0.5}
  m_AnchorMax: {x: 0.5, y: 0.5}
  m_AnchoredPosition: {x: 0, y: 0}
  m_SizeDelta: {x: 20, y: 20}
  m_Pivot: {x: 0.5, y: 0.5}
--- !u!222 &402759451
CanvasRenderer:
  m_ObjectHideFlags: 0
  m_CorrespondingSourceObject: {fileID: 0}
  m_PrefabInstance: {fileID: 0}
  m_PrefabAsset: {fileID: 0}
  m_GameObject: {fileID: 402759449}
  m_CullTransparentMesh: 0
--- !u!114 &402759452
MonoBehaviour:
  m_ObjectHideFlags: 0
  m_CorrespondingSourceObject: {fileID: 0}
  m_PrefabInstance: {fileID: 0}
  m_PrefabAsset: {fileID: 0}
  m_GameObject: {fileID: 402759449}
  m_Enabled: 1
  m_EditorHideFlags: 0
  m_Script: {fileID: 11500000, guid: fe87c0e1cc204ed48ad3b37840f39efc, type: 3}
  m_Name: 
  m_EditorClassIdentifier: 
  m_Material: {fileID: 0}
  m_Color: {r: 1, g: 1, b: 1, a: 1}
  m_RaycastTarget: 1
  m_Maskable: 1
  m_OnCullStateChanged:
    m_PersistentCalls:
      m_Calls: []
  m_Sprite: {fileID: 21300000, guid: 16f126ddc61b7461aabf459e4e7a18d4, type: 3}
  m_Type: 0
  m_PreserveAspect: 0
  m_FillCenter: 1
  m_FillMethod: 4
  m_FillAmount: 1
  m_FillClockwise: 1
  m_FillOrigin: 0
  m_UseSpriteMesh: 0
  m_PixelsPerUnitMultiplier: 1
--- !u!95 &402759453
Animator:
  serializedVersion: 3
  m_ObjectHideFlags: 0
  m_CorrespondingSourceObject: {fileID: 0}
  m_PrefabInstance: {fileID: 0}
  m_PrefabAsset: {fileID: 0}
  m_GameObject: {fileID: 402759449}
  m_Enabled: 1
  m_Avatar: {fileID: 0}
  m_Controller: {fileID: 9100000, guid: 37e0d4296a879404885313e0b87c282d, type: 2}
  m_CullingMode: 0
  m_UpdateMode: 0
  m_ApplyRootMotion: 0
  m_LinearVelocityBlending: 0
  m_WarningMessage: 
  m_HasTransformHierarchy: 1
  m_AllowConstantClipSamplingOptimization: 1
  m_KeepAnimatorControllerStateOnDisable: 0
--- !u!1 &560651353
GameObject:
  m_ObjectHideFlags: 0
  m_CorrespondingSourceObject: {fileID: 0}
  m_PrefabInstance: {fileID: 0}
  m_PrefabAsset: {fileID: 0}
  serializedVersion: 6
  m_Component:
  - component: {fileID: 560651357}
  - component: {fileID: 560651356}
  - component: {fileID: 560651355}
  - component: {fileID: 560651354}
  m_Layer: 5
  m_Name: Canvas
  m_TagString: Untagged
  m_Icon: {fileID: 0}
  m_NavMeshLayer: 0
  m_StaticEditorFlags: 0
  m_IsActive: 1
--- !u!114 &560651354
MonoBehaviour:
  m_ObjectHideFlags: 0
  m_CorrespondingSourceObject: {fileID: 0}
  m_PrefabInstance: {fileID: 0}
  m_PrefabAsset: {fileID: 0}
  m_GameObject: {fileID: 560651353}
  m_Enabled: 1
  m_EditorHideFlags: 0
  m_Script: {fileID: 11500000, guid: dc42784cf147c0c48a680349fa168899, type: 3}
  m_Name: 
  m_EditorClassIdentifier: 
  m_IgnoreReversedGraphics: 1
  m_BlockingObjects: 0
  m_BlockingMask:
    serializedVersion: 2
    m_Bits: 4294967295
--- !u!114 &560651355
MonoBehaviour:
  m_ObjectHideFlags: 0
  m_CorrespondingSourceObject: {fileID: 0}
  m_PrefabInstance: {fileID: 0}
  m_PrefabAsset: {fileID: 0}
  m_GameObject: {fileID: 560651353}
  m_Enabled: 1
  m_EditorHideFlags: 0
  m_Script: {fileID: 11500000, guid: 0cd44c1031e13a943bb63640046fad76, type: 3}
  m_Name: 
  m_EditorClassIdentifier: 
  m_UiScaleMode: 1
  m_ReferencePixelsPerUnit: 100
  m_ScaleFactor: 1
  m_ReferenceResolution: {x: 1440, y: 2560}
  m_ScreenMatchMode: 0
  m_MatchWidthOrHeight: 0
  m_PhysicalUnit: 3
  m_FallbackScreenDPI: 96
  m_DefaultSpriteDPI: 96
  m_DynamicPixelsPerUnit: 1
--- !u!223 &560651356
Canvas:
  m_ObjectHideFlags: 0
  m_CorrespondingSourceObject: {fileID: 0}
  m_PrefabInstance: {fileID: 0}
  m_PrefabAsset: {fileID: 0}
  m_GameObject: {fileID: 560651353}
  m_Enabled: 1
  serializedVersion: 3
  m_RenderMode: 1
  m_Camera: {fileID: 0}
  m_PlaneDistance: 100
  m_PixelPerfect: 0
  m_ReceivesEvents: 1
  m_OverrideSorting: 0
  m_OverridePixelPerfect: 0
  m_SortingBucketNormalizedSize: 0
  m_AdditionalShaderChannelsFlag: 25
  m_SortingLayerID: 0
  m_SortingOrder: 0
  m_TargetDisplay: 0
--- !u!224 &560651357
RectTransform:
  m_ObjectHideFlags: 0
  m_CorrespondingSourceObject: {fileID: 0}
  m_PrefabInstance: {fileID: 0}
  m_PrefabAsset: {fileID: 0}
  m_GameObject: {fileID: 560651353}
  m_LocalRotation: {x: 0, y: 0, z: 0, w: 1}
  m_LocalPosition: {x: 0, y: 0, z: 0}
  m_LocalScale: {x: 0, y: 0, z: 0}
  m_Children:
  - {fileID: 2137261029}
  - {fileID: 48337343}
  - {fileID: 589478591}
  - {fileID: 1391325743}
  m_Father: {fileID: 0}
  m_RootOrder: 2
  m_LocalEulerAnglesHint: {x: 0, y: 0, z: 0}
  m_AnchorMin: {x: 0, y: 0}
  m_AnchorMax: {x: 0, y: 0}
  m_AnchoredPosition: {x: 0, y: 0}
  m_SizeDelta: {x: 0, y: 0}
  m_Pivot: {x: 0, y: 0}
--- !u!1001 &572548898
PrefabInstance:
  m_ObjectHideFlags: 0
  serializedVersion: 2
  m_Modification:
    m_TransformParent: {fileID: 963194228}
    m_Modifications:
    - target: {fileID: 7050674731789345304, guid: 1903af45fcccd41faa61199b613fa87e,
        type: 3}
      propertyPath: m_Name
      value: GameOverEffect
      objectReference: {fileID: 0}
    - target: {fileID: 7050674731789345307, guid: 1903af45fcccd41faa61199b613fa87e,
        type: 3}
      propertyPath: m_LocalPosition.x
      value: 0
      objectReference: {fileID: 0}
    - target: {fileID: 7050674731789345307, guid: 1903af45fcccd41faa61199b613fa87e,
        type: 3}
      propertyPath: m_LocalPosition.y
      value: 0
      objectReference: {fileID: 0}
    - target: {fileID: 7050674731789345307, guid: 1903af45fcccd41faa61199b613fa87e,
        type: 3}
      propertyPath: m_LocalPosition.z
      value: 10.200001
      objectReference: {fileID: 0}
    - target: {fileID: 7050674731789345307, guid: 1903af45fcccd41faa61199b613fa87e,
        type: 3}
      propertyPath: m_LocalRotation.x
      value: -0
      objectReference: {fileID: 0}
    - target: {fileID: 7050674731789345307, guid: 1903af45fcccd41faa61199b613fa87e,
        type: 3}
      propertyPath: m_LocalRotation.y
      value: -0
      objectReference: {fileID: 0}
    - target: {fileID: 7050674731789345307, guid: 1903af45fcccd41faa61199b613fa87e,
        type: 3}
      propertyPath: m_LocalRotation.z
      value: -0
      objectReference: {fileID: 0}
    - target: {fileID: 7050674731789345307, guid: 1903af45fcccd41faa61199b613fa87e,
        type: 3}
      propertyPath: m_LocalRotation.w
      value: 1
      objectReference: {fileID: 0}
    - target: {fileID: 7050674731789345307, guid: 1903af45fcccd41faa61199b613fa87e,
        type: 3}
      propertyPath: m_RootOrder
      value: 0
      objectReference: {fileID: 0}
    - target: {fileID: 7050674731789345307, guid: 1903af45fcccd41faa61199b613fa87e,
        type: 3}
      propertyPath: m_LocalEulerAnglesHint.x
      value: 0
      objectReference: {fileID: 0}
    - target: {fileID: 7050674731789345307, guid: 1903af45fcccd41faa61199b613fa87e,
        type: 3}
      propertyPath: m_LocalEulerAnglesHint.y
      value: 0
      objectReference: {fileID: 0}
    - target: {fileID: 7050674731789345307, guid: 1903af45fcccd41faa61199b613fa87e,
        type: 3}
      propertyPath: m_LocalEulerAnglesHint.z
      value: 0
      objectReference: {fileID: 0}
    m_RemovedComponents: []
  m_SourcePrefab: {fileID: 100100000, guid: 1903af45fcccd41faa61199b613fa87e, type: 3}
--- !u!198 &572548899 stripped
ParticleSystem:
  m_CorrespondingSourceObject: {fileID: 7050674731789345301, guid: 1903af45fcccd41faa61199b613fa87e,
    type: 3}
  m_PrefabInstance: {fileID: 572548898}
  m_PrefabAsset: {fileID: 0}
--- !u!4 &572548900 stripped
Transform:
  m_CorrespondingSourceObject: {fileID: 7050674731789345307, guid: 1903af45fcccd41faa61199b613fa87e,
    type: 3}
  m_PrefabInstance: {fileID: 572548898}
  m_PrefabAsset: {fileID: 0}
--- !u!1 &589478590
GameObject:
  m_ObjectHideFlags: 0
  m_CorrespondingSourceObject: {fileID: 0}
  m_PrefabInstance: {fileID: 0}
  m_PrefabAsset: {fileID: 0}
  serializedVersion: 6
  m_Component:
  - component: {fileID: 589478591}
  - component: {fileID: 589478594}
  - component: {fileID: 589478593}
  - component: {fileID: 589478592}
  m_Layer: 5
  m_Name: InitialText
  m_TagString: Untagged
  m_Icon: {fileID: 0}
  m_NavMeshLayer: 0
  m_StaticEditorFlags: 0
  m_IsActive: 1
--- !u!224 &589478591
RectTransform:
  m_ObjectHideFlags: 0
  m_CorrespondingSourceObject: {fileID: 0}
  m_PrefabInstance: {fileID: 0}
  m_PrefabAsset: {fileID: 0}
  m_GameObject: {fileID: 589478590}
  m_LocalRotation: {x: -0, y: -0, z: -0, w: 1}
  m_LocalPosition: {x: 0, y: 0, z: 0}
  m_LocalScale: {x: 4.7544, y: 4.7544, z: 4.7544}
  m_Children: []
  m_Father: {fileID: 560651357}
  m_RootOrder: 2
  m_LocalEulerAnglesHint: {x: 0, y: 0, z: 0}
  m_AnchorMin: {x: 0.5, y: 0}
  m_AnchorMax: {x: 0.5, y: 0}
  m_AnchoredPosition: {x: 0, y: 421.0996}
  m_SizeDelta: {x: 261.9, y: 50}
  m_Pivot: {x: 0.5, y: 0.5}
--- !u!95 &589478592
Animator:
  serializedVersion: 3
  m_ObjectHideFlags: 0
  m_CorrespondingSourceObject: {fileID: 0}
  m_PrefabInstance: {fileID: 0}
  m_PrefabAsset: {fileID: 0}
  m_GameObject: {fileID: 589478590}
  m_Enabled: 1
  m_Avatar: {fileID: 0}
  m_Controller: {fileID: 9100000, guid: 451fa106b0cd14782b5624eab8ded75b, type: 2}
  m_CullingMode: 0
  m_UpdateMode: 0
  m_ApplyRootMotion: 0
  m_LinearVelocityBlending: 0
  m_WarningMessage: 
  m_HasTransformHierarchy: 1
  m_AllowConstantClipSamplingOptimization: 1
  m_KeepAnimatorControllerStateOnDisable: 0
--- !u!114 &589478593
MonoBehaviour:
  m_ObjectHideFlags: 0
  m_CorrespondingSourceObject: {fileID: 0}
  m_PrefabInstance: {fileID: 0}
  m_PrefabAsset: {fileID: 0}
  m_GameObject: {fileID: 589478590}
  m_Enabled: 1
  m_EditorHideFlags: 0
  m_Script: {fileID: 11500000, guid: f4688fdb7df04437aeb418b961361dc5, type: 3}
  m_Name: 
  m_EditorClassIdentifier: 
  m_Material: {fileID: 0}
  m_Color: {r: 1, g: 1, b: 1, a: 1}
  m_RaycastTarget: 0
  m_Maskable: 1
  m_OnCullStateChanged:
    m_PersistentCalls:
      m_Calls: []
  m_text: Hold & Drag to pour
  m_isRightToLeft: 0
  m_fontAsset: {fileID: 11400000, guid: 2ff5810c6a845449e910f82d6eafc491, type: 2}
  m_sharedMaterial: {fileID: 1658874580780765296, guid: 2ff5810c6a845449e910f82d6eafc491,
    type: 2}
  m_fontSharedMaterials: []
  m_fontMaterial: {fileID: 0}
  m_fontMaterials: []
  m_fontColor32:
    serializedVersion: 2
    rgba: 4289536856
  m_fontColor: {r: 0.34621885, g: 0.13777146, b: 0.6792453, a: 1}
  m_enableVertexGradient: 0
  m_colorMode: 3
  m_fontColorGradient:
    topLeft: {r: 1, g: 1, b: 1, a: 1}
    topRight: {r: 1, g: 1, b: 1, a: 1}
    bottomLeft: {r: 1, g: 1, b: 1, a: 1}
    bottomRight: {r: 1, g: 1, b: 1, a: 1}
  m_fontColorGradientPreset: {fileID: 0}
  m_spriteAsset: {fileID: 0}
  m_tintAllSprites: 0
  m_overrideHtmlColors: 0
  m_faceColor:
    serializedVersion: 2
    rgba: 4294967295
  m_outlineColor:
    serializedVersion: 2
    rgba: 4278190080
  m_fontSize: 25
  m_fontSizeBase: 25
  m_fontWeight: 400
  m_enableAutoSizing: 0
  m_fontSizeMin: 18
  m_fontSizeMax: 72
  m_fontStyle: 16
  m_textAlignment: 514
  m_characterSpacing: 0
  m_wordSpacing: 0
  m_lineSpacing: 0
  m_lineSpacingMax: 0
  m_paragraphSpacing: 0
  m_charWidthMaxAdj: 0
  m_enableWordWrapping: 1
  m_wordWrappingRatios: 0.4
  m_overflowMode: 0
  m_firstOverflowCharacterIndex: -1
  m_linkedTextComponent: {fileID: 0}
  m_isLinkedTextComponent: 0
  m_isTextTruncated: 0
  m_enableKerning: 1
  m_enableExtraPadding: 0
  checkPaddingRequired: 0
  m_isRichText: 1
  m_parseCtrlCharacters: 1
  m_isOrthographic: 1
  m_isCullingEnabled: 0
  m_ignoreRectMaskCulling: 0
  m_ignoreCulling: 1
  m_horizontalMapping: 0
  m_verticalMapping: 0
  m_uvLineOffset: 0
  m_geometrySortingOrder: 0
  m_VertexBufferAutoSizeReduction: 1
  m_firstVisibleCharacter: 0
  m_useMaxVisibleDescender: 1
  m_pageToDisplay: 1
  m_margin: {x: 0, y: 0, z: 0, w: 0}
  m_textInfo:
    textComponent: {fileID: 589478593}
    characterCount: 19
    spriteCount: 0
    spaceCount: 4
    wordCount: 4
    linkCount: 0
    lineCount: 1
    pageCount: 1
    materialCount: 1
  m_isUsingLegacyAnimationComponent: 0
  m_isVolumetricText: 0
  m_spriteAnimator: {fileID: 0}
  m_hasFontAssetChanged: 0
  m_subTextObjects:
  - {fileID: 0}
  - {fileID: 0}
  - {fileID: 0}
  - {fileID: 0}
  - {fileID: 0}
  - {fileID: 0}
  - {fileID: 0}
  - {fileID: 0}
  m_baseMaterial: {fileID: 0}
  m_maskOffset: {x: 0, y: 0, z: 0, w: 0}
--- !u!222 &589478594
CanvasRenderer:
  m_ObjectHideFlags: 0
  m_CorrespondingSourceObject: {fileID: 0}
  m_PrefabInstance: {fileID: 0}
  m_PrefabAsset: {fileID: 0}
  m_GameObject: {fileID: 589478590}
  m_CullTransparentMesh: 0
--- !u!1 &705507993
GameObject:
  m_ObjectHideFlags: 0
  m_CorrespondingSourceObject: {fileID: 0}
  m_PrefabInstance: {fileID: 0}
  m_PrefabAsset: {fileID: 0}
  serializedVersion: 6
  m_Component:
  - component: {fileID: 705507995}
  - component: {fileID: 705507994}
  m_Layer: 0
  m_Name: Directional Light
  m_TagString: Untagged
  m_Icon: {fileID: 0}
  m_NavMeshLayer: 0
  m_StaticEditorFlags: 0
  m_IsActive: 1
--- !u!108 &705507994
Light:
  m_ObjectHideFlags: 0
  m_CorrespondingSourceObject: {fileID: 0}
  m_PrefabInstance: {fileID: 0}
  m_PrefabAsset: {fileID: 0}
  m_GameObject: {fileID: 705507993}
  m_Enabled: 1
  serializedVersion: 10
  m_Type: 1
  m_Shape: 0
  m_Color: {r: 1, g: 0.95686275, b: 0.8392157, a: 1}
  m_Intensity: 1
  m_Range: 10
  m_SpotAngle: 30
  m_InnerSpotAngle: 21.802082
  m_CookieSize: 10
  m_Shadows:
    m_Type: 2
    m_Resolution: -1
    m_CustomResolution: -1
    m_Strength: 1
    m_Bias: 0.05
    m_NormalBias: 0.4
    m_NearPlane: 0.2
    m_CullingMatrixOverride:
      e00: 1
      e01: 0
      e02: 0
      e03: 0
      e10: 0
      e11: 1
      e12: 0
      e13: 0
      e20: 0
      e21: 0
      e22: 1
      e23: 0
      e30: 0
      e31: 0
      e32: 0
      e33: 1
    m_UseCullingMatrixOverride: 0
  m_Cookie: {fileID: 0}
  m_DrawHalo: 0
  m_Flare: {fileID: 0}
  m_RenderMode: 0
  m_CullingMask:
    serializedVersion: 2
    m_Bits: 4294967295
  m_RenderingLayerMask: 1
  m_Lightmapping: 1
  m_LightShadowCasterMode: 0
  m_AreaSize: {x: 1, y: 1}
  m_BounceIntensity: 1
  m_ColorTemperature: 6570
  m_UseColorTemperature: 0
  m_BoundingSphereOverride: {x: 0, y: 0, z: 0, w: 0}
  m_UseBoundingSphereOverride: 0
  m_ShadowRadius: 0
  m_ShadowAngle: 0
--- !u!4 &705507995
Transform:
  m_ObjectHideFlags: 0
  m_CorrespondingSourceObject: {fileID: 0}
  m_PrefabInstance: {fileID: 0}
  m_PrefabAsset: {fileID: 0}
  m_GameObject: {fileID: 705507993}
  m_LocalRotation: {x: 0.40821788, y: -0.23456968, z: 0.10938163, w: 0.8754261}
  m_LocalPosition: {x: 0, y: 3, z: 0}
  m_LocalScale: {x: 1, y: 1, z: 1}
  m_Children: []
  m_Father: {fileID: 0}
  m_RootOrder: 1
  m_LocalEulerAnglesHint: {x: 50, y: -30, z: 0}
--- !u!1 &963194225
GameObject:
  m_ObjectHideFlags: 0
  m_CorrespondingSourceObject: {fileID: 0}
  m_PrefabInstance: {fileID: 0}
  m_PrefabAsset: {fileID: 0}
  serializedVersion: 6
  m_Component:
  - component: {fileID: 963194228}
  - component: {fileID: 963194227}
  - component: {fileID: 963194226}
  m_Layer: 0
  m_Name: Main Camera
  m_TagString: MainCamera
  m_Icon: {fileID: 0}
  m_NavMeshLayer: 0
  m_StaticEditorFlags: 0
  m_IsActive: 1
--- !u!81 &963194226
AudioListener:
  m_ObjectHideFlags: 0
  m_CorrespondingSourceObject: {fileID: 0}
  m_PrefabInstance: {fileID: 0}
  m_PrefabAsset: {fileID: 0}
  m_GameObject: {fileID: 963194225}
  m_Enabled: 1
--- !u!20 &963194227
Camera:
  m_ObjectHideFlags: 0
  m_CorrespondingSourceObject: {fileID: 0}
  m_PrefabInstance: {fileID: 0}
  m_PrefabAsset: {fileID: 0}
  m_GameObject: {fileID: 963194225}
  m_Enabled: 1
  serializedVersion: 2
  m_ClearFlags: 2
  m_BackGroundColor: {r: 0.43137258, g: 0.30588236, b: 0.4901961, a: 0}
  m_projectionMatrixMode: 1
  m_GateFitMode: 2
  m_FOVAxisMode: 0
  m_SensorSize: {x: 36, y: 24}
  m_LensShift: {x: 0, y: 0}
  m_FocalLength: 50
  m_NormalizedViewPortRect:
    serializedVersion: 2
    x: 0
    y: 0
    width: 1
    height: 1
  near clip plane: 0.3
  far clip plane: 1000
  field of view: 60
  orthographic: 0
  orthographic size: 5
  m_Depth: -1
  m_CullingMask:
    serializedVersion: 2
    m_Bits: 4294967295
  m_RenderingPath: -1
  m_TargetTexture: {fileID: 0}
  m_TargetDisplay: 0
  m_TargetEye: 3
  m_HDR: 1
  m_AllowMSAA: 1
  m_AllowDynamicResolution: 0
  m_ForceIntoRT: 0
  m_OcclusionCulling: 1
  m_StereoConvergence: 10
  m_StereoSeparation: 0.022
--- !u!4 &963194228
Transform:
  m_ObjectHideFlags: 0
  m_CorrespondingSourceObject: {fileID: 0}
  m_PrefabInstance: {fileID: 0}
  m_PrefabAsset: {fileID: 0}
  m_GameObject: {fileID: 963194225}
  m_LocalRotation: {x: 0.3016211, y: 0, z: 0, w: 0.95342785}
  m_LocalPosition: {x: 0, y: 6.52, z: -7.98}
  m_LocalScale: {x: 1, y: 1, z: 1}
  m_Children:
  - {fileID: 572548900}
  m_Father: {fileID: 0}
  m_RootOrder: 0
  m_LocalEulerAnglesHint: {x: 35.11, y: 0, z: 0}
--- !u!1 &1016705037
GameObject:
  m_ObjectHideFlags: 0
  m_CorrespondingSourceObject: {fileID: 0}
  m_PrefabInstance: {fileID: 0}
  m_PrefabAsset: {fileID: 0}
  serializedVersion: 6
  m_Component:
  - component: {fileID: 1016705038}
  m_Layer: 0
  m_Name: Holder
  m_TagString: Untagged
  m_Icon: {fileID: 0}
  m_NavMeshLayer: 0
  m_StaticEditorFlags: 0
  m_IsActive: 1
--- !u!4 &1016705038
Transform:
  m_ObjectHideFlags: 0
  m_CorrespondingSourceObject: {fileID: 0}
  m_PrefabInstance: {fileID: 0}
  m_PrefabAsset: {fileID: 0}
  m_GameObject: {fileID: 1016705037}
  m_LocalRotation: {x: 0, y: 0, z: 0, w: 1}
  m_LocalPosition: {x: 0, y: 0, z: 0}
  m_LocalScale: {x: 1, y: 1, z: 1}
  m_Children:
  - {fileID: 1185453011}
  - {fileID: 1349707164}
  m_Father: {fileID: 0}
  m_RootOrder: 5
  m_LocalEulerAnglesHint: {x: 0, y: 0, z: 0}
--- !u!1 &1111536116
GameObject:
  m_ObjectHideFlags: 0
  m_CorrespondingSourceObject: {fileID: 0}
  m_PrefabInstance: {fileID: 0}
  m_PrefabAsset: {fileID: 0}
  serializedVersion: 6
  m_Component:
  - component: {fileID: 1111536118}
  - component: {fileID: 1111536117}
  m_Layer: 0
  m_Name: PourCerealManager
  m_TagString: Untagged
  m_Icon: {fileID: 0}
  m_NavMeshLayer: 0
  m_StaticEditorFlags: 0
  m_IsActive: 1
--- !u!114 &1111536117
MonoBehaviour:
  m_ObjectHideFlags: 0
  m_CorrespondingSourceObject: {fileID: 0}
  m_PrefabInstance: {fileID: 0}
  m_PrefabAsset: {fileID: 0}
  m_GameObject: {fileID: 1111536116}
  m_Enabled: 1
  m_EditorHideFlags: 0
  m_Script: {fileID: 11500000, guid: a399e847850bf46b99e12dde61ca6c50, type: 3}
  m_Name: 
  m_EditorClassIdentifier: 
  gameOverEffect: {fileID: 572548899}
  totalTaskToComplete: 0
  currentCompletedTask: 0
  gameState: 0
  APTools: {fileID: 0}
  SDKSupport: {fileID: 0}
  slider: {fileID: 48337344}
  levelInfo: {fileID: 2137261030}
  initialInfo: {fileID: 589478593}
  gameoverInfo: {fileID: 1391325744}
  progressBarEmoji: {fileID: 402759453}
  babyCryToLaugh: {fileID: 358708675}
  crealPack: {fileID: 1349707164}
  gameStartTime: 3
--- !u!4 &1111536118
Transform:
  m_ObjectHideFlags: 0
  m_CorrespondingSourceObject: {fileID: 0}
  m_PrefabInstance: {fileID: 0}
  m_PrefabAsset: {fileID: 0}
  m_GameObject: {fileID: 1111536116}
  m_LocalRotation: {x: 0, y: 0, z: 0, w: 1}
  m_LocalPosition: {x: 0, y: 0, z: 0}
  m_LocalScale: {x: 1, y: 1, z: 1}
  m_Children: []
  m_Father: {fileID: 0}
  m_RootOrder: 4
  m_LocalEulerAnglesHint: {x: 0, y: 0, z: 0}
--- !u!1 &1185453010
GameObject:
  m_ObjectHideFlags: 0
  m_CorrespondingSourceObject: {fileID: 0}
  m_PrefabInstance: {fileID: 0}
  m_PrefabAsset: {fileID: 0}
  serializedVersion: 6
  m_Component:
  - component: {fileID: 1185453011}
  - component: {fileID: 1185453012}
  m_Layer: 0
  m_Name: Table
  m_TagString: Untagged
  m_Icon: {fileID: 0}
  m_NavMeshLayer: 0
  m_StaticEditorFlags: 0
  m_IsActive: 1
--- !u!4 &1185453011
Transform:
  m_ObjectHideFlags: 0
  m_CorrespondingSourceObject: {fileID: 0}
  m_PrefabInstance: {fileID: 0}
  m_PrefabAsset: {fileID: 0}
  m_GameObject: {fileID: 1185453010}
  m_LocalRotation: {x: 0, y: 0, z: 0, w: 1}
  m_LocalPosition: {x: 0, y: 0, z: 0}
  m_LocalScale: {x: 1, y: 1, z: 1}
  m_Children:
  - {fileID: 140120081}
  - {fileID: 1483266714}
  - {fileID: 1741468665593318633}
  - {fileID: 1741468665953305288}
  - {fileID: 1741468665502714989}
  - {fileID: 1741468666074081419}
  - {fileID: 1741468665542595730}
  - {fileID: 1741468665169066419}
  - {fileID: 358708674}
  m_Father: {fileID: 1016705038}
  m_RootOrder: 0
  m_LocalEulerAnglesHint: {x: 0, y: 0, z: 0}
--- !u!95 &1185453012
Animator:
  serializedVersion: 3
  m_ObjectHideFlags: 0
  m_CorrespondingSourceObject: {fileID: 0}
  m_PrefabInstance: {fileID: 0}
  m_PrefabAsset: {fileID: 0}
  m_GameObject: {fileID: 1185453010}
  m_Enabled: 1
  m_Avatar: {fileID: 0}
  m_Controller: {fileID: 9100000, guid: 8ce6269d12c8c4b1bb615e81e3b3759c, type: 2}
  m_CullingMode: 0
  m_UpdateMode: 0
  m_ApplyRootMotion: 0
  m_LinearVelocityBlending: 0
  m_WarningMessage: 
  m_HasTransformHierarchy: 1
  m_AllowConstantClipSamplingOptimization: 1
  m_KeepAnimatorControllerStateOnDisable: 0
--- !u!1 &1349707163
GameObject:
  m_ObjectHideFlags: 0
  m_CorrespondingSourceObject: {fileID: 0}
  m_PrefabInstance: {fileID: 0}
  m_PrefabAsset: {fileID: 0}
  serializedVersion: 6
  m_Component:
  - component: {fileID: 1349707164}
  - component: {fileID: 1349707165}
  m_Layer: 0
  m_Name: CerealPacket
  m_TagString: Untagged
  m_Icon: {fileID: 0}
  m_NavMeshLayer: 0
  m_StaticEditorFlags: 0
  m_IsActive: 1
--- !u!4 &1349707164
Transform:
  m_ObjectHideFlags: 0
  m_CorrespondingSourceObject: {fileID: 0}
  m_PrefabInstance: {fileID: 0}
  m_PrefabAsset: {fileID: 0}
  m_GameObject: {fileID: 1349707163}
  m_LocalRotation: {x: 0, y: 0, z: 0, w: 1}
  m_LocalPosition: {x: 0, y: 2, z: -2.5}
  m_LocalScale: {x: 1, y: 1, z: 1}
  m_Children:
  - {fileID: 1448949871}
  - {fileID: 2090747792}
  m_Father: {fileID: 1016705038}
  m_RootOrder: 1
  m_LocalEulerAnglesHint: {x: 0, y: 0, z: 0}
--- !u!114 &1349707165
MonoBehaviour:
  m_ObjectHideFlags: 0
  m_CorrespondingSourceObject: {fileID: 0}
  m_PrefabInstance: {fileID: 0}
  m_PrefabAsset: {fileID: 0}
  m_GameObject: {fileID: 1349707163}
  m_Enabled: 1
  m_EditorHideFlags: 0
  m_Script: {fileID: 11500000, guid: 25daf8bbc03454771b600d3ac8b135a2, type: 3}
  m_Name: 
  m_EditorClassIdentifier: 
  APTools: {fileID: 0}
  initialPosition: {x: 0, y: 0, z: 0}
  initialRotation: {x: 0, y: 0, z: 0}
  initialScale: {x: 0, y: 0, z: 0}
  gameState: 0
  cerealPrefab:
  - {fileID: 2248081430695291685, guid: 45d31e361d1bf4551b5855db471075d9, type: 3}
  - {fileID: 2248081430695291685, guid: ea1b943ddd2014cb7b4051237d1f7af2, type: 3}
  - {fileID: 2248081430695291685, guid: 275f73ad0e9434dcdac0f31291a19fa8, type: 3}
  packetRotationAngle: 0.3
  initialText: {fileID: 589478593}
--- !u!1001 &1391325742
PrefabInstance:
  m_ObjectHideFlags: 0
  serializedVersion: 2
  m_Modification:
    m_TransformParent: {fileID: 560651357}
    m_Modifications:
    - target: {fileID: 5319828982012598370, guid: fc6824d69678f41ca9c8b72aff9b92c0,
        type: 3}
      propertyPath: m_textInfo.characterCount
      value: 0
      objectReference: {fileID: 0}
    - target: {fileID: 5319828982012598370, guid: fc6824d69678f41ca9c8b72aff9b92c0,
        type: 3}
      propertyPath: m_textInfo.spaceCount
      value: 0
      objectReference: {fileID: 0}
    - target: {fileID: 5319828982012598370, guid: fc6824d69678f41ca9c8b72aff9b92c0,
        type: 3}
      propertyPath: m_textInfo.wordCount
      value: 0
      objectReference: {fileID: 0}
    - target: {fileID: 5319828982012598370, guid: fc6824d69678f41ca9c8b72aff9b92c0,
        type: 3}
      propertyPath: m_textInfo.lineCount
      value: 0
      objectReference: {fileID: 0}
    - target: {fileID: 5319828982012598370, guid: fc6824d69678f41ca9c8b72aff9b92c0,
        type: 3}
      propertyPath: m_textInfo.pageCount
      value: 0
      objectReference: {fileID: 0}
    - target: {fileID: 5319828984065333824, guid: fc6824d69678f41ca9c8b72aff9b92c0,
        type: 3}
      propertyPath: m_OnClick.m_PersistentCalls.m_Calls.Array.data[0].m_Target
      value: 
      objectReference: {fileID: 1111536117}
    - target: {fileID: 5319828984065333824, guid: fc6824d69678f41ca9c8b72aff9b92c0,
        type: 3}
      propertyPath: m_OnClick.m_PersistentCalls.m_Calls.Array.data[0].m_MethodName
      value: NextLevel
      objectReference: {fileID: 0}
    - target: {fileID: 7108776570800970838, guid: fc6824d69678f41ca9c8b72aff9b92c0,
        type: 3}
      propertyPath: m_Name
      value: GameOverUIs
      objectReference: {fileID: 0}
    - target: {fileID: 7108776570800970839, guid: fc6824d69678f41ca9c8b72aff9b92c0,
        type: 3}
      propertyPath: m_LocalPosition.x
      value: 0
      objectReference: {fileID: 0}
    - target: {fileID: 7108776570800970839, guid: fc6824d69678f41ca9c8b72aff9b92c0,
        type: 3}
      propertyPath: m_LocalPosition.y
      value: 0
      objectReference: {fileID: 0}
    - target: {fileID: 7108776570800970839, guid: fc6824d69678f41ca9c8b72aff9b92c0,
        type: 3}
      propertyPath: m_LocalPosition.z
      value: 0
      objectReference: {fileID: 0}
    - target: {fileID: 7108776570800970839, guid: fc6824d69678f41ca9c8b72aff9b92c0,
        type: 3}
      propertyPath: m_LocalRotation.x
      value: -0
      objectReference: {fileID: 0}
    - target: {fileID: 7108776570800970839, guid: fc6824d69678f41ca9c8b72aff9b92c0,
        type: 3}
      propertyPath: m_LocalRotation.y
      value: -0
      objectReference: {fileID: 0}
    - target: {fileID: 7108776570800970839, guid: fc6824d69678f41ca9c8b72aff9b92c0,
        type: 3}
      propertyPath: m_LocalRotation.z
      value: -0
      objectReference: {fileID: 0}
    - target: {fileID: 7108776570800970839, guid: fc6824d69678f41ca9c8b72aff9b92c0,
        type: 3}
      propertyPath: m_LocalRotation.w
      value: 1
      objectReference: {fileID: 0}
    - target: {fileID: 7108776570800970839, guid: fc6824d69678f41ca9c8b72aff9b92c0,
        type: 3}
      propertyPath: m_RootOrder
      value: 3
      objectReference: {fileID: 0}
    - target: {fileID: 7108776570800970839, guid: fc6824d69678f41ca9c8b72aff9b92c0,
        type: 3}
      propertyPath: m_LocalEulerAnglesHint.x
      value: 0
      objectReference: {fileID: 0}
    - target: {fileID: 7108776570800970839, guid: fc6824d69678f41ca9c8b72aff9b92c0,
        type: 3}
      propertyPath: m_LocalEulerAnglesHint.y
      value: 0
      objectReference: {fileID: 0}
    - target: {fileID: 7108776570800970839, guid: fc6824d69678f41ca9c8b72aff9b92c0,
        type: 3}
      propertyPath: m_LocalEulerAnglesHint.z
      value: 0
      objectReference: {fileID: 0}
    - target: {fileID: 7108776570800970839, guid: fc6824d69678f41ca9c8b72aff9b92c0,
        type: 3}
      propertyPath: m_AnchoredPosition.x
      value: 0
      objectReference: {fileID: 0}
    - target: {fileID: 7108776570800970839, guid: fc6824d69678f41ca9c8b72aff9b92c0,
        type: 3}
      propertyPath: m_AnchoredPosition.y
      value: 0
      objectReference: {fileID: 0}
    - target: {fileID: 7108776570800970839, guid: fc6824d69678f41ca9c8b72aff9b92c0,
        type: 3}
      propertyPath: m_SizeDelta.x
      value: 0
      objectReference: {fileID: 0}
    - target: {fileID: 7108776570800970839, guid: fc6824d69678f41ca9c8b72aff9b92c0,
        type: 3}
      propertyPath: m_SizeDelta.y
      value: 0
      objectReference: {fileID: 0}
    - target: {fileID: 7108776570800970839, guid: fc6824d69678f41ca9c8b72aff9b92c0,
        type: 3}
      propertyPath: m_AnchorMin.x
      value: 0
      objectReference: {fileID: 0}
    - target: {fileID: 7108776570800970839, guid: fc6824d69678f41ca9c8b72aff9b92c0,
        type: 3}
      propertyPath: m_AnchorMin.y
      value: 0
      objectReference: {fileID: 0}
    - target: {fileID: 7108776570800970839, guid: fc6824d69678f41ca9c8b72aff9b92c0,
        type: 3}
      propertyPath: m_AnchorMax.x
      value: 1
      objectReference: {fileID: 0}
    - target: {fileID: 7108776570800970839, guid: fc6824d69678f41ca9c8b72aff9b92c0,
        type: 3}
      propertyPath: m_AnchorMax.y
      value: 1
      objectReference: {fileID: 0}
    - target: {fileID: 7108776570800970839, guid: fc6824d69678f41ca9c8b72aff9b92c0,
        type: 3}
      propertyPath: m_Pivot.x
      value: 0.5
      objectReference: {fileID: 0}
    - target: {fileID: 7108776570800970839, guid: fc6824d69678f41ca9c8b72aff9b92c0,
        type: 3}
      propertyPath: m_Pivot.y
      value: 0.5
      objectReference: {fileID: 0}
    m_RemovedComponents: []
  m_SourcePrefab: {fileID: 100100000, guid: fc6824d69678f41ca9c8b72aff9b92c0, type: 3}
--- !u!224 &1391325743 stripped
RectTransform:
  m_CorrespondingSourceObject: {fileID: 7108776570800970839, guid: fc6824d69678f41ca9c8b72aff9b92c0,
    type: 3}
  m_PrefabInstance: {fileID: 1391325742}
  m_PrefabAsset: {fileID: 0}
--- !u!95 &1391325744 stripped
Animator:
  m_CorrespondingSourceObject: {fileID: 7108776570800970836, guid: fc6824d69678f41ca9c8b72aff9b92c0,
    type: 3}
  m_PrefabInstance: {fileID: 1391325742}
  m_PrefabAsset: {fileID: 0}
--- !u!1 &1448949870
GameObject:
  m_ObjectHideFlags: 0
  m_CorrespondingSourceObject: {fileID: 0}
  m_PrefabInstance: {fileID: 0}
  m_PrefabAsset: {fileID: 0}
  serializedVersion: 6
  m_Component:
  - component: {fileID: 1448949871}
  - component: {fileID: 1448949874}
  - component: {fileID: 1448949873}
  m_Layer: 0
  m_Name: Cube
  m_TagString: Untagged
  m_Icon: {fileID: 0}
  m_NavMeshLayer: 0
  m_StaticEditorFlags: 0
  m_IsActive: 0
--- !u!4 &1448949871
Transform:
  m_ObjectHideFlags: 0
  m_CorrespondingSourceObject: {fileID: 0}
  m_PrefabInstance: {fileID: 0}
  m_PrefabAsset: {fileID: 0}
  m_GameObject: {fileID: 1448949870}
  m_LocalRotation: {x: 0, y: 0, z: 0, w: 1}
  m_LocalPosition: {x: 0, y: 0.4, z: 0}
  m_LocalScale: {x: 0.86994, y: 0.8, z: 0.31628}
  m_Children: []
  m_Father: {fileID: 1349707164}
  m_RootOrder: 0
  m_LocalEulerAnglesHint: {x: 0, y: 0, z: 0}
--- !u!23 &1448949873
MeshRenderer:
  m_ObjectHideFlags: 0
  m_CorrespondingSourceObject: {fileID: 0}
  m_PrefabInstance: {fileID: 0}
  m_PrefabAsset: {fileID: 0}
  m_GameObject: {fileID: 1448949870}
  m_Enabled: 1
  m_CastShadows: 1
  m_ReceiveShadows: 1
  m_DynamicOccludee: 1
  m_MotionVectors: 1
  m_LightProbeUsage: 1
  m_ReflectionProbeUsage: 1
  m_RayTracingMode: 2
  m_RenderingLayerMask: 1
  m_RendererPriority: 0
  m_Materials:
  - {fileID: 2100000, guid: ba388aac7ed18451aaa85762ad49dc85, type: 2}
  m_StaticBatchInfo:
    firstSubMesh: 0
    subMeshCount: 0
  m_StaticBatchRoot: {fileID: 0}
  m_ProbeAnchor: {fileID: 0}
  m_LightProbeVolumeOverride: {fileID: 0}
  m_ScaleInLightmap: 1
  m_ReceiveGI: 1
  m_PreserveUVs: 0
  m_IgnoreNormalsForChartDetection: 0
  m_ImportantGI: 0
  m_StitchLightmapSeams: 1
  m_SelectedEditorRenderState: 3
  m_MinimumChartSize: 4
  m_AutoUVMaxDistance: 0.5
  m_AutoUVMaxAngle: 89
  m_LightmapParameters: {fileID: 0}
  m_SortingLayerID: 0
  m_SortingLayer: 0
  m_SortingOrder: 0
--- !u!33 &1448949874
MeshFilter:
  m_ObjectHideFlags: 0
  m_CorrespondingSourceObject: {fileID: 0}
  m_PrefabInstance: {fileID: 0}
  m_PrefabAsset: {fileID: 0}
  m_GameObject: {fileID: 1448949870}
  m_Mesh: {fileID: 10202, guid: 0000000000000000e000000000000000, type: 0}
--- !u!1001 &1483266713
PrefabInstance:
  m_ObjectHideFlags: 0
  serializedVersion: 2
  m_Modification:
    m_TransformParent: {fileID: 1185453011}
    m_Modifications:
    - target: {fileID: -4216859302048453862, guid: a3fba81441ecd0a4ca5a616eeadfe01c,
        type: 3}
      propertyPath: m_LocalPosition.x
      value: 0
      objectReference: {fileID: 0}
    - target: {fileID: -4216859302048453862, guid: a3fba81441ecd0a4ca5a616eeadfe01c,
        type: 3}
      propertyPath: m_LocalPosition.y
      value: -0.86
      objectReference: {fileID: 0}
    - target: {fileID: -4216859302048453862, guid: a3fba81441ecd0a4ca5a616eeadfe01c,
        type: 3}
      propertyPath: m_LocalPosition.z
      value: 0
      objectReference: {fileID: 0}
    - target: {fileID: -4216859302048453862, guid: a3fba81441ecd0a4ca5a616eeadfe01c,
        type: 3}
      propertyPath: m_LocalRotation.x
      value: 0
      objectReference: {fileID: 0}
    - target: {fileID: -4216859302048453862, guid: a3fba81441ecd0a4ca5a616eeadfe01c,
        type: 3}
      propertyPath: m_LocalRotation.y
      value: -0
      objectReference: {fileID: 0}
    - target: {fileID: -4216859302048453862, guid: a3fba81441ecd0a4ca5a616eeadfe01c,
        type: 3}
      propertyPath: m_LocalRotation.z
      value: -0
      objectReference: {fileID: 0}
    - target: {fileID: -4216859302048453862, guid: a3fba81441ecd0a4ca5a616eeadfe01c,
        type: 3}
      propertyPath: m_LocalRotation.w
      value: 1
      objectReference: {fileID: 0}
    - target: {fileID: -4216859302048453862, guid: a3fba81441ecd0a4ca5a616eeadfe01c,
        type: 3}
      propertyPath: m_RootOrder
      value: 4
      objectReference: {fileID: 0}
    - target: {fileID: -4216859302048453862, guid: a3fba81441ecd0a4ca5a616eeadfe01c,
        type: 3}
      propertyPath: m_LocalEulerAnglesHint.x
      value: 0
      objectReference: {fileID: 0}
    - target: {fileID: -4216859302048453862, guid: a3fba81441ecd0a4ca5a616eeadfe01c,
        type: 3}
      propertyPath: m_LocalEulerAnglesHint.y
      value: 0
      objectReference: {fileID: 0}
    - target: {fileID: -4216859302048453862, guid: a3fba81441ecd0a4ca5a616eeadfe01c,
        type: 3}
      propertyPath: m_LocalEulerAnglesHint.z
      value: 0
      objectReference: {fileID: 0}
    - target: {fileID: -4216859302048453862, guid: a3fba81441ecd0a4ca5a616eeadfe01c,
        type: 3}
      propertyPath: m_LocalScale.x
      value: 24.862946
      objectReference: {fileID: 0}
    - target: {fileID: -4216859302048453862, guid: a3fba81441ecd0a4ca5a616eeadfe01c,
        type: 3}
      propertyPath: m_LocalScale.y
      value: 24.862946
      objectReference: {fileID: 0}
    - target: {fileID: -4216859302048453862, guid: a3fba81441ecd0a4ca5a616eeadfe01c,
        type: 3}
      propertyPath: m_LocalScale.z
      value: 24.862946
      objectReference: {fileID: 0}
    - target: {fileID: -927199367670048503, guid: a3fba81441ecd0a4ca5a616eeadfe01c,
        type: 3}
      propertyPath: m_Name
      value: Table
      objectReference: {fileID: 0}
    m_RemovedComponents: []
  m_SourcePrefab: {fileID: 100100000, guid: a3fba81441ecd0a4ca5a616eeadfe01c, type: 3}
--- !u!4 &1483266714 stripped
Transform:
  m_CorrespondingSourceObject: {fileID: -4216859302048453862, guid: a3fba81441ecd0a4ca5a616eeadfe01c,
    type: 3}
  m_PrefabInstance: {fileID: 1483266713}
  m_PrefabAsset: {fileID: 0}
--- !u!1 &1483266715 stripped
GameObject:
  m_CorrespondingSourceObject: {fileID: -927199367670048503, guid: a3fba81441ecd0a4ca5a616eeadfe01c,
    type: 3}
  m_PrefabInstance: {fileID: 1483266713}
  m_PrefabAsset: {fileID: 0}
--- !u!64 &1483266716
MeshCollider:
  m_ObjectHideFlags: 0
  m_CorrespondingSourceObject: {fileID: 0}
  m_PrefabInstance: {fileID: 0}
  m_PrefabAsset: {fileID: 0}
  m_GameObject: {fileID: 1483266715}
  m_Material: {fileID: 0}
  m_IsTrigger: 0
  m_Enabled: 1
  serializedVersion: 4
  m_Convex: 1
  m_CookingOptions: 30
  m_Mesh: {fileID: 2575121373303798309, guid: a3fba81441ecd0a4ca5a616eeadfe01c, type: 3}
--- !u!114 &1483266717
MonoBehaviour:
  m_ObjectHideFlags: 0
  m_CorrespondingSourceObject: {fileID: 0}
  m_PrefabInstance: {fileID: 0}
  m_PrefabAsset: {fileID: 0}
  m_GameObject: {fileID: 1483266715}
  m_Enabled: 1
  m_EditorHideFlags: 0
  m_Script: {fileID: 11500000, guid: 9fe6b569a90c64bdd8d69135a9edad9f, type: 3}
  m_Name: 
  m_EditorClassIdentifier: 
  APTools: {fileID: 0}
  initialPosition: {x: 0, y: 0, z: 0}
  initialRotation: {x: 0, y: 0, z: 0}
  initialScale: {x: 0, y: 0, z: 0}
  gameState: 0
  detector: 1
--- !u!1 &1555154241
GameObject:
  m_ObjectHideFlags: 0
  m_CorrespondingSourceObject: {fileID: 0}
  m_PrefabInstance: {fileID: 0}
  m_PrefabAsset: {fileID: 0}
  serializedVersion: 6
  m_Component:
  - component: {fileID: 1555154242}
  m_Layer: 5
  m_Name: Handle Slide Area
  m_TagString: Untagged
  m_Icon: {fileID: 0}
  m_NavMeshLayer: 0
  m_StaticEditorFlags: 0
  m_IsActive: 1
--- !u!224 &1555154242
RectTransform:
  m_ObjectHideFlags: 0
  m_CorrespondingSourceObject: {fileID: 0}
  m_PrefabInstance: {fileID: 0}
  m_PrefabAsset: {fileID: 0}
  m_GameObject: {fileID: 1555154241}
  m_LocalRotation: {x: -0, y: -0, z: -0, w: 1}
  m_LocalPosition: {x: 0, y: 0, z: 0}
  m_LocalScale: {x: 1, y: 1, z: 1}
  m_Children:
  - {fileID: 402759450}
  m_Father: {fileID: 48337343}
  m_RootOrder: 2
  m_LocalEulerAnglesHint: {x: 0, y: 0, z: 0}
  m_AnchorMin: {x: 0, y: 0}
  m_AnchorMax: {x: 0, y: 0}
  m_AnchoredPosition: {x: 0, y: 0}
  m_SizeDelta: {x: 0, y: 0}
  m_Pivot: {x: 0.5, y: 0.5}
--- !u!1001 &1614794513
PrefabInstance:
  m_ObjectHideFlags: 0
  serializedVersion: 2
  m_Modification:
    m_TransformParent: {fileID: 1185453011}
    m_Modifications:
    - target: {fileID: 446749441349870397, guid: 7bac39d3a14e54de2b3f99c017a8c89c,
        type: 3}
      propertyPath: m_LocalPosition.x
      value: 0.96
      objectReference: {fileID: 0}
    - target: {fileID: 446749441349870397, guid: 7bac39d3a14e54de2b3f99c017a8c89c,
        type: 3}
      propertyPath: m_LocalPosition.y
      value: 0.18
      objectReference: {fileID: 0}
    - target: {fileID: 446749441349870397, guid: 7bac39d3a14e54de2b3f99c017a8c89c,
        type: 3}
      propertyPath: m_LocalPosition.z
      value: 0.14
      objectReference: {fileID: 0}
    - target: {fileID: 446749441349870397, guid: 7bac39d3a14e54de2b3f99c017a8c89c,
        type: 3}
      propertyPath: m_LocalRotation.x
      value: 0
      objectReference: {fileID: 0}
    - target: {fileID: 446749441349870397, guid: 7bac39d3a14e54de2b3f99c017a8c89c,
        type: 3}
      propertyPath: m_LocalRotation.y
      value: 0.9746051
      objectReference: {fileID: 0}
    - target: {fileID: 446749441349870397, guid: 7bac39d3a14e54de2b3f99c017a8c89c,
        type: 3}
      propertyPath: m_LocalRotation.z
      value: -0
      objectReference: {fileID: 0}
    - target: {fileID: 446749441349870397, guid: 7bac39d3a14e54de2b3f99c017a8c89c,
        type: 3}
      propertyPath: m_LocalRotation.w
      value: -0.22393046
      objectReference: {fileID: 0}
    - target: {fileID: 446749441349870397, guid: 7bac39d3a14e54de2b3f99c017a8c89c,
        type: 3}
      propertyPath: m_RootOrder
      value: 11
      objectReference: {fileID: 0}
    - target: {fileID: 446749441349870397, guid: 7bac39d3a14e54de2b3f99c017a8c89c,
        type: 3}
      propertyPath: m_LocalEulerAnglesHint.x
      value: 0
      objectReference: {fileID: 0}
    - target: {fileID: 446749441349870397, guid: 7bac39d3a14e54de2b3f99c017a8c89c,
        type: 3}
      propertyPath: m_LocalEulerAnglesHint.y
      value: 205.88
      objectReference: {fileID: 0}
    - target: {fileID: 446749441349870397, guid: 7bac39d3a14e54de2b3f99c017a8c89c,
        type: 3}
      propertyPath: m_LocalEulerAnglesHint.z
      value: 0
      objectReference: {fileID: 0}
    - target: {fileID: 3488167546745884974, guid: 7bac39d3a14e54de2b3f99c017a8c89c,
        type: 3}
      propertyPath: m_Name
      value: baby_cryMore_fbx
      objectReference: {fileID: 0}
    m_RemovedComponents: []
  m_SourcePrefab: {fileID: 100100000, guid: 7bac39d3a14e54de2b3f99c017a8c89c, type: 3}
--- !u!1 &2015445614
GameObject:
  m_ObjectHideFlags: 0
  m_CorrespondingSourceObject: {fileID: 0}
  m_PrefabInstance: {fileID: 0}
  m_PrefabAsset: {fileID: 0}
  serializedVersion: 6
  m_Component:
  - component: {fileID: 2015445615}
  - component: {fileID: 2015445617}
  - component: {fileID: 2015445616}
  - component: {fileID: 2015445618}
  - component: {fileID: 2015445619}
  m_Layer: 0
  m_Name: Milk (1)
  m_TagString: Untagged
  m_Icon: {fileID: 0}
  m_NavMeshLayer: 0
  m_StaticEditorFlags: 0
  m_IsActive: 1
--- !u!4 &2015445615
Transform:
  m_ObjectHideFlags: 0
  m_CorrespondingSourceObject: {fileID: 0}
  m_PrefabInstance: {fileID: 0}
  m_PrefabAsset: {fileID: 0}
  m_GameObject: {fileID: 2015445614}
  m_LocalRotation: {x: -0, y: -0, z: -0, w: 1}
  m_LocalPosition: {x: 0, y: -0.023009991, z: 0.27291283}
  m_LocalScale: {x: 1, y: 1, z: 1}
  m_Children: []
  m_Father: {fileID: 140120081}
  m_RootOrder: 2
  m_LocalEulerAnglesHint: {x: 0, y: 0, z: 0}
--- !u!23 &2015445616
MeshRenderer:
  m_ObjectHideFlags: 0
  m_CorrespondingSourceObject: {fileID: 0}
  m_PrefabInstance: {fileID: 0}
  m_PrefabAsset: {fileID: 0}
  m_GameObject: {fileID: 2015445614}
  m_Enabled: 1
  m_CastShadows: 1
  m_ReceiveShadows: 1
  m_DynamicOccludee: 1
  m_MotionVectors: 1
  m_LightProbeUsage: 1
  m_ReflectionProbeUsage: 1
  m_RayTracingMode: 2
  m_RenderingLayerMask: 1
  m_RendererPriority: 0
  m_Materials:
  - {fileID: 2100000, guid: d0c195b3c833847c4ac409ce47ac9d50, type: 2}
  m_StaticBatchInfo:
    firstSubMesh: 0
    subMeshCount: 0
  m_StaticBatchRoot: {fileID: 0}
  m_ProbeAnchor: {fileID: 0}
  m_LightProbeVolumeOverride: {fileID: 0}
  m_ScaleInLightmap: 1
  m_ReceiveGI: 1
  m_PreserveUVs: 0
  m_IgnoreNormalsForChartDetection: 0
  m_ImportantGI: 0
  m_StitchLightmapSeams: 1
  m_SelectedEditorRenderState: 3
  m_MinimumChartSize: 4
  m_AutoUVMaxDistance: 0.5
  m_AutoUVMaxAngle: 89
  m_LightmapParameters: {fileID: 0}
  m_SortingLayerID: 0
  m_SortingLayer: 0
  m_SortingOrder: 0
--- !u!33 &2015445617
MeshFilter:
  m_ObjectHideFlags: 0
  m_CorrespondingSourceObject: {fileID: 0}
  m_PrefabInstance: {fileID: 0}
  m_PrefabAsset: {fileID: 0}
  m_GameObject: {fileID: 2015445614}
  m_Mesh: {fileID: 3371799226304767270, guid: ad163000d3735b7429717ccb3b17b376, type: 3}
--- !u!64 &2015445618
MeshCollider:
  m_ObjectHideFlags: 0
  m_CorrespondingSourceObject: {fileID: 0}
  m_PrefabInstance: {fileID: 0}
  m_PrefabAsset: {fileID: 0}
  m_GameObject: {fileID: 2015445614}
  m_Material: {fileID: 0}
  m_IsTrigger: 0
  m_Enabled: 1
  serializedVersion: 4
  m_Convex: 0
  m_CookingOptions: 30
  m_Mesh: {fileID: 3371799226304767270, guid: ad163000d3735b7429717ccb3b17b376, type: 3}
--- !u!114 &2015445619
MonoBehaviour:
  m_ObjectHideFlags: 0
  m_CorrespondingSourceObject: {fileID: 0}
  m_PrefabInstance: {fileID: 0}
  m_PrefabAsset: {fileID: 0}
  m_GameObject: {fileID: 2015445614}
  m_Enabled: 1
  m_EditorHideFlags: 0
  m_Script: {fileID: 11500000, guid: 9fe6b569a90c64bdd8d69135a9edad9f, type: 3}
  m_Name: 
  m_EditorClassIdentifier: 
  APTools: {fileID: 0}
  initialPosition: {x: 0, y: 0, z: 0}
  initialRotation: {x: 0, y: 0, z: 0}
  initialScale: {x: 0, y: 0, z: 0}
  gameState: 0
  detector: 2
--- !u!1 &2063257097
GameObject:
  m_ObjectHideFlags: 0
  m_CorrespondingSourceObject: {fileID: 0}
  m_PrefabInstance: {fileID: 0}
  m_PrefabAsset: {fileID: 0}
  serializedVersion: 6
  m_Component:
  - component: {fileID: 2063257100}
  - component: {fileID: 2063257099}
  - component: {fileID: 2063257098}
  m_Layer: 0
  m_Name: EventSystem
  m_TagString: Untagged
  m_Icon: {fileID: 0}
  m_NavMeshLayer: 0
  m_StaticEditorFlags: 0
  m_IsActive: 1
--- !u!114 &2063257098
MonoBehaviour:
  m_ObjectHideFlags: 0
  m_CorrespondingSourceObject: {fileID: 0}
  m_PrefabInstance: {fileID: 0}
  m_PrefabAsset: {fileID: 0}
  m_GameObject: {fileID: 2063257097}
  m_Enabled: 1
  m_EditorHideFlags: 0
  m_Script: {fileID: 11500000, guid: 4f231c4fb786f3946a6b90b886c48677, type: 3}
  m_Name: 
  m_EditorClassIdentifier: 
  m_HorizontalAxis: Horizontal
  m_VerticalAxis: Vertical
  m_SubmitButton: Submit
  m_CancelButton: Cancel
  m_InputActionsPerSecond: 10
  m_RepeatDelay: 0.5
  m_ForceModuleActive: 0
--- !u!114 &2063257099
MonoBehaviour:
  m_ObjectHideFlags: 0
  m_CorrespondingSourceObject: {fileID: 0}
  m_PrefabInstance: {fileID: 0}
  m_PrefabAsset: {fileID: 0}
  m_GameObject: {fileID: 2063257097}
  m_Enabled: 1
  m_EditorHideFlags: 0
  m_Script: {fileID: 11500000, guid: 76c392e42b5098c458856cdf6ecaaaa1, type: 3}
  m_Name: 
  m_EditorClassIdentifier: 
  m_FirstSelected: {fileID: 0}
  m_sendNavigationEvents: 1
  m_DragThreshold: 10
--- !u!4 &2063257100
Transform:
  m_ObjectHideFlags: 0
  m_CorrespondingSourceObject: {fileID: 0}
  m_PrefabInstance: {fileID: 0}
  m_PrefabAsset: {fileID: 0}
  m_GameObject: {fileID: 2063257097}
  m_LocalRotation: {x: 0, y: 0, z: 0, w: 1}
  m_LocalPosition: {x: 0, y: 0, z: 0}
  m_LocalScale: {x: 1, y: 1, z: 1}
  m_Children: []
  m_Father: {fileID: 0}
  m_RootOrder: 3
  m_LocalEulerAnglesHint: {x: 0, y: 0, z: 0}
--- !u!1001 &2090747791
PrefabInstance:
  m_ObjectHideFlags: 0
  serializedVersion: 2
  m_Modification:
    m_TransformParent: {fileID: 1349707164}
    m_Modifications:
    - target: {fileID: -4216859302048453862, guid: f389fb0b50c6a304da0493461d93989c,
        type: 3}
      propertyPath: m_LocalPosition.x
      value: -0.004
      objectReference: {fileID: 0}
    - target: {fileID: -4216859302048453862, guid: f389fb0b50c6a304da0493461d93989c,
        type: 3}
      propertyPath: m_LocalPosition.y
      value: 0.521
      objectReference: {fileID: 0}
    - target: {fileID: -4216859302048453862, guid: f389fb0b50c6a304da0493461d93989c,
        type: 3}
      propertyPath: m_LocalPosition.z
      value: 0.574
      objectReference: {fileID: 0}
    - target: {fileID: -4216859302048453862, guid: f389fb0b50c6a304da0493461d93989c,
        type: 3}
      propertyPath: m_LocalRotation.x
      value: 0.50779206
      objectReference: {fileID: 0}
    - target: {fileID: -4216859302048453862, guid: f389fb0b50c6a304da0493461d93989c,
        type: 3}
      propertyPath: m_LocalRotation.y
      value: -0.49208462
      objectReference: {fileID: 0}
    - target: {fileID: -4216859302048453862, guid: f389fb0b50c6a304da0493461d93989c,
        type: 3}
      propertyPath: m_LocalRotation.z
      value: 0.6978124
      objectReference: {fileID: 0}
    - target: {fileID: -4216859302048453862, guid: f389fb0b50c6a304da0493461d93989c,
        type: 3}
      propertyPath: m_LocalRotation.w
      value: -0.11427112
      objectReference: {fileID: 0}
    - target: {fileID: -4216859302048453862, guid: f389fb0b50c6a304da0493461d93989c,
        type: 3}
      propertyPath: m_RootOrder
      value: 1
      objectReference: {fileID: 0}
    - target: {fileID: -4216859302048453862, guid: f389fb0b50c6a304da0493461d93989c,
        type: 3}
      propertyPath: m_LocalEulerAnglesHint.x
      value: 34.8
      objectReference: {fileID: 0}
    - target: {fileID: -4216859302048453862, guid: f389fb0b50c6a304da0493461d93989c,
        type: 3}
      propertyPath: m_LocalEulerAnglesHint.y
      value: 90
      objectReference: {fileID: 0}
    - target: {fileID: -4216859302048453862, guid: f389fb0b50c6a304da0493461d93989c,
        type: 3}
      propertyPath: m_LocalEulerAnglesHint.z
      value: 233.4
      objectReference: {fileID: 0}
    - target: {fileID: -4216859302048453862, guid: f389fb0b50c6a304da0493461d93989c,
        type: 3}
      propertyPath: m_LocalScale.x
      value: 40
      objectReference: {fileID: 0}
    - target: {fileID: -4216859302048453862, guid: f389fb0b50c6a304da0493461d93989c,
        type: 3}
      propertyPath: m_LocalScale.y
      value: 40
      objectReference: {fileID: 0}
    - target: {fileID: -4216859302048453862, guid: f389fb0b50c6a304da0493461d93989c,
        type: 3}
      propertyPath: m_LocalScale.z
      value: 40
      objectReference: {fileID: 0}
    - target: {fileID: -927199367670048503, guid: f389fb0b50c6a304da0493461d93989c,
        type: 3}
      propertyPath: m_Name
      value: Cereal box
      objectReference: {fileID: 0}
    m_RemovedComponents: []
  m_SourcePrefab: {fileID: 100100000, guid: f389fb0b50c6a304da0493461d93989c, type: 3}
--- !u!4 &2090747792 stripped
Transform:
  m_CorrespondingSourceObject: {fileID: -4216859302048453862, guid: f389fb0b50c6a304da0493461d93989c,
    type: 3}
  m_PrefabInstance: {fileID: 2090747791}
  m_PrefabAsset: {fileID: 0}
--- !u!1 &2137261028
GameObject:
  m_ObjectHideFlags: 0
  m_CorrespondingSourceObject: {fileID: 0}
  m_PrefabInstance: {fileID: 0}
  m_PrefabAsset: {fileID: 0}
  serializedVersion: 6
  m_Component:
  - component: {fileID: 2137261029}
  - component: {fileID: 2137261031}
  - component: {fileID: 2137261030}
  m_Layer: 5
  m_Name: Text (TMP)
  m_TagString: Untagged
  m_Icon: {fileID: 0}
  m_NavMeshLayer: 0
  m_StaticEditorFlags: 0
  m_IsActive: 0
--- !u!224 &2137261029
RectTransform:
  m_ObjectHideFlags: 0
  m_CorrespondingSourceObject: {fileID: 0}
  m_PrefabInstance: {fileID: 0}
  m_PrefabAsset: {fileID: 0}
  m_GameObject: {fileID: 2137261028}
  m_LocalRotation: {x: 0, y: 0, z: 0, w: 1}
  m_LocalPosition: {x: 0, y: 0, z: 0}
  m_LocalScale: {x: 1, y: 1, z: 1}
  m_Children: []
  m_Father: {fileID: 560651357}
  m_RootOrder: 0
  m_LocalEulerAnglesHint: {x: 0, y: 0, z: 0}
  m_AnchorMin: {x: 0.5, y: 1}
  m_AnchorMax: {x: 0.5, y: 1}
  m_AnchoredPosition: {x: 0, y: -178}
  m_SizeDelta: {x: 537, y: 144}
  m_Pivot: {x: 0.5, y: 0.5}
--- !u!114 &2137261030
MonoBehaviour:
  m_ObjectHideFlags: 0
  m_CorrespondingSourceObject: {fileID: 0}
  m_PrefabInstance: {fileID: 0}
  m_PrefabAsset: {fileID: 0}
  m_GameObject: {fileID: 2137261028}
  m_Enabled: 1
  m_EditorHideFlags: 0
  m_Script: {fileID: 11500000, guid: f4688fdb7df04437aeb418b961361dc5, type: 3}
  m_Name: 
  m_EditorClassIdentifier: 
  m_Material: {fileID: 0}
  m_Color: {r: 1, g: 1, b: 1, a: 1}
  m_RaycastTarget: 1
  m_Maskable: 1
  m_OnCullStateChanged:
    m_PersistentCalls:
      m_Calls: []
  m_text: Level - 1
  m_isRightToLeft: 0
  m_fontAsset: {fileID: 11400000, guid: 8f586378b4e144a9851e7b34d9b748ee, type: 2}
  m_sharedMaterial: {fileID: 2180264, guid: 8f586378b4e144a9851e7b34d9b748ee, type: 2}
  m_fontSharedMaterials: []
  m_fontMaterial: {fileID: 0}
  m_fontMaterials: []
  m_fontColor32:
    serializedVersion: 2
    rgba: 4294967295
  m_fontColor: {r: 1, g: 1, b: 1, a: 1}
  m_enableVertexGradient: 0
  m_colorMode: 3
  m_fontColorGradient:
    topLeft: {r: 1, g: 1, b: 1, a: 1}
    topRight: {r: 1, g: 1, b: 1, a: 1}
    bottomLeft: {r: 1, g: 1, b: 1, a: 1}
    bottomRight: {r: 1, g: 1, b: 1, a: 1}
  m_fontColorGradientPreset: {fileID: 0}
  m_spriteAsset: {fileID: 0}
  m_tintAllSprites: 0
  m_overrideHtmlColors: 0
  m_faceColor:
    serializedVersion: 2
    rgba: 4294967295
  m_outlineColor:
    serializedVersion: 2
    rgba: 4278190080
  m_fontSize: 72
  m_fontSizeBase: 72
  m_fontWeight: 400
  m_enableAutoSizing: 0
  m_fontSizeMin: 18
  m_fontSizeMax: 72
  m_fontStyle: 1
  m_textAlignment: 514
  m_characterSpacing: 0
  m_wordSpacing: 0
  m_lineSpacing: 0
  m_lineSpacingMax: 0
  m_paragraphSpacing: 0
  m_charWidthMaxAdj: 0
  m_enableWordWrapping: 1
  m_wordWrappingRatios: 0.4
  m_overflowMode: 0
  m_firstOverflowCharacterIndex: -1
  m_linkedTextComponent: {fileID: 0}
  m_isLinkedTextComponent: 0
  m_isTextTruncated: 0
  m_enableKerning: 1
  m_enableExtraPadding: 0
  checkPaddingRequired: 0
  m_isRichText: 1
  m_parseCtrlCharacters: 1
  m_isOrthographic: 1
  m_isCullingEnabled: 0
  m_ignoreRectMaskCulling: 0
  m_ignoreCulling: 1
  m_horizontalMapping: 0
  m_verticalMapping: 0
  m_uvLineOffset: 0
  m_geometrySortingOrder: 0
  m_VertexBufferAutoSizeReduction: 1
  m_firstVisibleCharacter: 0
  m_useMaxVisibleDescender: 1
  m_pageToDisplay: 1
  m_margin: {x: 0, y: 0, z: 0, w: 0}
  m_textInfo:
    textComponent: {fileID: 2137261030}
    characterCount: 9
    spriteCount: 0
    spaceCount: 2
    wordCount: 3
    linkCount: 0
    lineCount: 1
    pageCount: 1
    materialCount: 1
  m_isUsingLegacyAnimationComponent: 0
  m_isVolumetricText: 0
  m_spriteAnimator: {fileID: 0}
  m_hasFontAssetChanged: 0
  m_subTextObjects:
  - {fileID: 0}
  - {fileID: 0}
  - {fileID: 0}
  - {fileID: 0}
  - {fileID: 0}
  - {fileID: 0}
  - {fileID: 0}
  - {fileID: 0}
  m_baseMaterial: {fileID: 0}
  m_maskOffset: {x: 0, y: 0, z: 0, w: 0}
--- !u!222 &2137261031
CanvasRenderer:
  m_ObjectHideFlags: 0
  m_CorrespondingSourceObject: {fileID: 0}
  m_PrefabInstance: {fileID: 0}
  m_PrefabAsset: {fileID: 0}
  m_GameObject: {fileID: 2137261028}
  m_CullTransparentMesh: 0
--- !u!1001 &1741468665169066418
PrefabInstance:
  m_ObjectHideFlags: 0
  serializedVersion: 2
  m_Modification:
    m_TransformParent: {fileID: 1185453011}
    m_Modifications:
    - target: {fileID: -4216859302048453862, guid: d74a8106d982d6c419b1d0584d6f4eb4,
        type: 3}
      propertyPath: m_LocalPosition.x
      value: -1.06
      objectReference: {fileID: 0}
    - target: {fileID: -4216859302048453862, guid: d74a8106d982d6c419b1d0584d6f4eb4,
        type: 3}
      propertyPath: m_LocalPosition.y
      value: 0.11
      objectReference: {fileID: 0}
    - target: {fileID: -4216859302048453862, guid: d74a8106d982d6c419b1d0584d6f4eb4,
        type: 3}
      propertyPath: m_LocalPosition.z
      value: -2.46
      objectReference: {fileID: 0}
    - target: {fileID: -4216859302048453862, guid: d74a8106d982d6c419b1d0584d6f4eb4,
        type: 3}
      propertyPath: m_LocalRotation.x
      value: -0.006638229
      objectReference: {fileID: 0}
    - target: {fileID: -4216859302048453862, guid: d74a8106d982d6c419b1d0584d6f4eb4,
        type: 3}
      propertyPath: m_LocalRotation.y
      value: -0.10771924
      objectReference: {fileID: 0}
    - target: {fileID: -4216859302048453862, guid: d74a8106d982d6c419b1d0584d6f4eb4,
        type: 3}
      propertyPath: m_LocalRotation.z
      value: -0.009284422
      objectReference: {fileID: 0}
    - target: {fileID: -4216859302048453862, guid: d74a8106d982d6c419b1d0584d6f4eb4,
        type: 3}
      propertyPath: m_LocalRotation.w
      value: 0.9941158
      objectReference: {fileID: 0}
    - target: {fileID: -4216859302048453862, guid: d74a8106d982d6c419b1d0584d6f4eb4,
        type: 3}
      propertyPath: m_RootOrder
      value: 10
      objectReference: {fileID: 0}
    - target: {fileID: -4216859302048453862, guid: d74a8106d982d6c419b1d0584d6f4eb4,
        type: 3}
      propertyPath: m_LocalEulerAnglesHint.x
      value: 14.7960005
      objectReference: {fileID: 0}
    - target: {fileID: -4216859302048453862, guid: d74a8106d982d6c419b1d0584d6f4eb4,
        type: 3}
      propertyPath: m_LocalEulerAnglesHint.y
      value: 92.885
      objectReference: {fileID: 0}
    - target: {fileID: -4216859302048453862, guid: d74a8106d982d6c419b1d0584d6f4eb4,
        type: 3}
      propertyPath: m_LocalEulerAnglesHint.z
      value: -0.92700005
      objectReference: {fileID: 0}
    - target: {fileID: -4216859302048453862, guid: d74a8106d982d6c419b1d0584d6f4eb4,
        type: 3}
      propertyPath: m_LocalScale.x
      value: 10.100141
      objectReference: {fileID: 0}
    - target: {fileID: -4216859302048453862, guid: d74a8106d982d6c419b1d0584d6f4eb4,
        type: 3}
      propertyPath: m_LocalScale.y
      value: 104.00171
      objectReference: {fileID: 0}
    - target: {fileID: -4216859302048453862, guid: d74a8106d982d6c419b1d0584d6f4eb4,
        type: 3}
      propertyPath: m_LocalScale.z
      value: 150.56331
      objectReference: {fileID: 0}
    - target: {fileID: -1504981713932161579, guid: d74a8106d982d6c419b1d0584d6f4eb4,
        type: 3}
      propertyPath: m_Materials.Array.data[0]
      value: 
      objectReference: {fileID: 2100000, guid: c9f1d145efb30fb4eb8a7da1de6cfa97, type: 2}
    - target: {fileID: -927199367670048503, guid: d74a8106d982d6c419b1d0584d6f4eb4,
        type: 3}
      propertyPath: m_Name
      value: Shadow square (1)
      objectReference: {fileID: 0}
    m_RemovedComponents: []
  m_SourcePrefab: {fileID: 100100000, guid: d74a8106d982d6c419b1d0584d6f4eb4, type: 3}
--- !u!4 &1741468665169066419 stripped
Transform:
  m_CorrespondingSourceObject: {fileID: -4216859302048453862, guid: d74a8106d982d6c419b1d0584d6f4eb4,
    type: 3}
  m_PrefabInstance: {fileID: 1741468665169066418}
  m_PrefabAsset: {fileID: 0}
--- !u!1001 &1741468665502714988
PrefabInstance:
  m_ObjectHideFlags: 0
  serializedVersion: 2
  m_Modification:
    m_TransformParent: {fileID: 1185453011}
    m_Modifications:
    - target: {fileID: -4216859302048453862, guid: d74a8106d982d6c419b1d0584d6f4eb4,
        type: 3}
      propertyPath: m_LocalPosition.x
      value: -0.7622261
      objectReference: {fileID: 0}
    - target: {fileID: -4216859302048453862, guid: d74a8106d982d6c419b1d0584d6f4eb4,
        type: 3}
      propertyPath: m_LocalPosition.y
      value: 0.14680783
      objectReference: {fileID: 0}
    - target: {fileID: -4216859302048453862, guid: d74a8106d982d6c419b1d0584d6f4eb4,
        type: 3}
      propertyPath: m_LocalPosition.z
      value: 1.526587
      objectReference: {fileID: 0}
    - target: {fileID: -4216859302048453862, guid: d74a8106d982d6c419b1d0584d6f4eb4,
        type: 3}
      propertyPath: m_LocalRotation.x
      value: -0.0068960628
      objectReference: {fileID: 0}
    - target: {fileID: -4216859302048453862, guid: d74a8106d982d6c419b1d0584d6f4eb4,
        type: 3}
      propertyPath: m_LocalRotation.y
      value: -0.13556476
      objectReference: {fileID: 0}
    - target: {fileID: -4216859302048453862, guid: d74a8106d982d6c419b1d0584d6f4eb4,
        type: 3}
      propertyPath: m_LocalRotation.z
      value: -0.00909455
      objectReference: {fileID: 0}
    - target: {fileID: -4216859302048453862, guid: d74a8106d982d6c419b1d0584d6f4eb4,
        type: 3}
      propertyPath: m_LocalRotation.w
      value: 0.99070275
      objectReference: {fileID: 0}
    - target: {fileID: -4216859302048453862, guid: d74a8106d982d6c419b1d0584d6f4eb4,
        type: 3}
      propertyPath: m_RootOrder
      value: 7
      objectReference: {fileID: 0}
    - target: {fileID: -4216859302048453862, guid: d74a8106d982d6c419b1d0584d6f4eb4,
        type: 3}
      propertyPath: m_LocalEulerAnglesHint.x
      value: 14.72
      objectReference: {fileID: 0}
    - target: {fileID: -4216859302048453862, guid: d74a8106d982d6c419b1d0584d6f4eb4,
        type: 3}
      propertyPath: m_LocalEulerAnglesHint.y
      value: 89.561005
      objectReference: {fileID: 0}
    - target: {fileID: -4216859302048453862, guid: d74a8106d982d6c419b1d0584d6f4eb4,
        type: 3}
      propertyPath: m_LocalEulerAnglesHint.z
      value: -1.774
      objectReference: {fileID: 0}
    - target: {fileID: -4216859302048453862, guid: d74a8106d982d6c419b1d0584d6f4eb4,
        type: 3}
      propertyPath: m_LocalScale.x
      value: 204.48111
      objectReference: {fileID: 0}
    - target: {fileID: -4216859302048453862, guid: d74a8106d982d6c419b1d0584d6f4eb4,
        type: 3}
      propertyPath: m_LocalScale.y
      value: 104.00171
      objectReference: {fileID: 0}
    - target: {fileID: -4216859302048453862, guid: d74a8106d982d6c419b1d0584d6f4eb4,
        type: 3}
      propertyPath: m_LocalScale.z
      value: 150.56332
      objectReference: {fileID: 0}
    - target: {fileID: -1504981713932161579, guid: d74a8106d982d6c419b1d0584d6f4eb4,
        type: 3}
      propertyPath: m_Materials.Array.data[0]
      value: 
      objectReference: {fileID: 2100000, guid: c9f1d145efb30fb4eb8a7da1de6cfa97, type: 2}
    - target: {fileID: -927199367670048503, guid: d74a8106d982d6c419b1d0584d6f4eb4,
        type: 3}
      propertyPath: m_Name
      value: Shadow square
      objectReference: {fileID: 0}
    m_RemovedComponents: []
  m_SourcePrefab: {fileID: 100100000, guid: d74a8106d982d6c419b1d0584d6f4eb4, type: 3}
--- !u!4 &1741468665502714989 stripped
Transform:
  m_CorrespondingSourceObject: {fileID: -4216859302048453862, guid: d74a8106d982d6c419b1d0584d6f4eb4,
    type: 3}
  m_PrefabInstance: {fileID: 1741468665502714988}
  m_PrefabAsset: {fileID: 0}
--- !u!1001 &1741468665542595729
PrefabInstance:
  m_ObjectHideFlags: 0
  serializedVersion: 2
  m_Modification:
    m_TransformParent: {fileID: 1185453011}
    m_Modifications:
    - target: {fileID: -4216859302048453862, guid: ccdae5c2a4a8b3940acd0a45b6025abe,
        type: 3}
      propertyPath: m_LocalPosition.x
      value: -1.1561227
      objectReference: {fileID: 0}
    - target: {fileID: -4216859302048453862, guid: ccdae5c2a4a8b3940acd0a45b6025abe,
        type: 3}
      propertyPath: m_LocalPosition.y
      value: 0.12008792
      objectReference: {fileID: 0}
    - target: {fileID: -4216859302048453862, guid: ccdae5c2a4a8b3940acd0a45b6025abe,
        type: 3}
      propertyPath: m_LocalPosition.z
      value: -1.8754842
      objectReference: {fileID: 0}
    - target: {fileID: -4216859302048453862, guid: ccdae5c2a4a8b3940acd0a45b6025abe,
        type: 3}
      propertyPath: m_LocalRotation.x
      value: -0.0057739206
      objectReference: {fileID: 0}
    - target: {fileID: -4216859302048453862, guid: ccdae5c2a4a8b3940acd0a45b6025abe,
        type: 3}
      propertyPath: m_LocalRotation.y
      value: -0.017632812
      objectReference: {fileID: 0}
    - target: {fileID: -4216859302048453862, guid: ccdae5c2a4a8b3940acd0a45b6025abe,
        type: 3}
      propertyPath: m_LocalRotation.z
      value: -0.009845212
      objectReference: {fileID: 0}
    - target: {fileID: -4216859302048453862, guid: ccdae5c2a4a8b3940acd0a45b6025abe,
        type: 3}
      propertyPath: m_LocalRotation.w
      value: 0.99977946
      objectReference: {fileID: 0}
    - target: {fileID: -4216859302048453862, guid: ccdae5c2a4a8b3940acd0a45b6025abe,
        type: 3}
      propertyPath: m_RootOrder
      value: 9
      objectReference: {fileID: 0}
    - target: {fileID: -4216859302048453862, guid: ccdae5c2a4a8b3940acd0a45b6025abe,
        type: 3}
      propertyPath: m_LocalEulerAnglesHint.x
      value: 14.716001
      objectReference: {fileID: 0}
    - target: {fileID: -4216859302048453862, guid: ccdae5c2a4a8b3940acd0a45b6025abe,
        type: 3}
      propertyPath: m_LocalEulerAnglesHint.y
      value: 103.587006
      objectReference: {fileID: 0}
    - target: {fileID: -4216859302048453862, guid: ccdae5c2a4a8b3940acd0a45b6025abe,
        type: 3}
      propertyPath: m_LocalEulerAnglesHint.z
      value: 1.8060001
      objectReference: {fileID: 0}
    - target: {fileID: -4216859302048453862, guid: ccdae5c2a4a8b3940acd0a45b6025abe,
        type: 3}
      propertyPath: m_LocalScale.x
      value: 21.127357
      objectReference: {fileID: 0}
    - target: {fileID: -4216859302048453862, guid: ccdae5c2a4a8b3940acd0a45b6025abe,
        type: 3}
      propertyPath: m_LocalScale.y
      value: 21.12735
      objectReference: {fileID: 0}
    - target: {fileID: -4216859302048453862, guid: ccdae5c2a4a8b3940acd0a45b6025abe,
        type: 3}
      propertyPath: m_LocalScale.z
      value: 38.2656
      objectReference: {fileID: 0}
    - target: {fileID: -1504981713932161579, guid: ccdae5c2a4a8b3940acd0a45b6025abe,
        type: 3}
      propertyPath: m_Materials.Array.data[0]
      value: 
      objectReference: {fileID: 2100000, guid: c9f1d145efb30fb4eb8a7da1de6cfa97, type: 2}
    - target: {fileID: -927199367670048503, guid: ccdae5c2a4a8b3940acd0a45b6025abe,
        type: 3}
      propertyPath: m_Name
      value: Shadow round (1)
      objectReference: {fileID: 0}
    m_RemovedComponents: []
  m_SourcePrefab: {fileID: 100100000, guid: ccdae5c2a4a8b3940acd0a45b6025abe, type: 3}
--- !u!4 &1741468665542595730 stripped
Transform:
  m_CorrespondingSourceObject: {fileID: -4216859302048453862, guid: ccdae5c2a4a8b3940acd0a45b6025abe,
    type: 3}
  m_PrefabInstance: {fileID: 1741468665542595729}
  m_PrefabAsset: {fileID: 0}
--- !u!1001 &1741468665593318632
PrefabInstance:
  m_ObjectHideFlags: 0
  serializedVersion: 2
  m_Modification:
    m_TransformParent: {fileID: 1185453011}
    m_Modifications:
    - target: {fileID: -4216859302048453862, guid: ccdae5c2a4a8b3940acd0a45b6025abe,
        type: 3}
      propertyPath: m_LocalPosition.x
      value: -1.3154392
      objectReference: {fileID: 0}
    - target: {fileID: -4216859302048453862, guid: ccdae5c2a4a8b3940acd0a45b6025abe,
        type: 3}
      propertyPath: m_LocalPosition.y
      value: -2.1159358
      objectReference: {fileID: 0}
    - target: {fileID: -4216859302048453862, guid: ccdae5c2a4a8b3940acd0a45b6025abe,
        type: 3}
      propertyPath: m_LocalPosition.z
      value: -0.09540582
      objectReference: {fileID: 0}
    - target: {fileID: -4216859302048453862, guid: ccdae5c2a4a8b3940acd0a45b6025abe,
        type: 3}
      propertyPath: m_LocalRotation.x
      value: 0
      objectReference: {fileID: 0}
    - target: {fileID: -4216859302048453862, guid: ccdae5c2a4a8b3940acd0a45b6025abe,
        type: 3}
      propertyPath: m_LocalRotation.y
      value: 0
      objectReference: {fileID: 0}
    - target: {fileID: -4216859302048453862, guid: ccdae5c2a4a8b3940acd0a45b6025abe,
        type: 3}
      propertyPath: m_LocalRotation.z
      value: 0
      objectReference: {fileID: 0}
    - target: {fileID: -4216859302048453862, guid: ccdae5c2a4a8b3940acd0a45b6025abe,
        type: 3}
      propertyPath: m_LocalRotation.w
      value: 1
      objectReference: {fileID: 0}
    - target: {fileID: -4216859302048453862, guid: ccdae5c2a4a8b3940acd0a45b6025abe,
        type: 3}
      propertyPath: m_RootOrder
      value: 5
      objectReference: {fileID: 0}
    - target: {fileID: -4216859302048453862, guid: ccdae5c2a4a8b3940acd0a45b6025abe,
        type: 3}
      propertyPath: m_LocalEulerAnglesHint.x
      value: 0
      objectReference: {fileID: 0}
    - target: {fileID: -4216859302048453862, guid: ccdae5c2a4a8b3940acd0a45b6025abe,
        type: 3}
      propertyPath: m_LocalEulerAnglesHint.y
      value: 0
      objectReference: {fileID: 0}
    - target: {fileID: -4216859302048453862, guid: ccdae5c2a4a8b3940acd0a45b6025abe,
        type: 3}
      propertyPath: m_LocalEulerAnglesHint.z
      value: 0
      objectReference: {fileID: 0}
    - target: {fileID: -4216859302048453862, guid: ccdae5c2a4a8b3940acd0a45b6025abe,
        type: 3}
      propertyPath: m_LocalScale.x
      value: 104.001724
      objectReference: {fileID: 0}
    - target: {fileID: -4216859302048453862, guid: ccdae5c2a4a8b3940acd0a45b6025abe,
        type: 3}
      propertyPath: m_LocalScale.y
      value: 104.00171
      objectReference: {fileID: 0}
    - target: {fileID: -4216859302048453862, guid: ccdae5c2a4a8b3940acd0a45b6025abe,
        type: 3}
      propertyPath: m_LocalScale.z
      value: 104.00174
      objectReference: {fileID: 0}
    - target: {fileID: -1504981713932161579, guid: ccdae5c2a4a8b3940acd0a45b6025abe,
        type: 3}
      propertyPath: m_Materials.Array.data[0]
      value: 
      objectReference: {fileID: 2100000, guid: c9f1d145efb30fb4eb8a7da1de6cfa97, type: 2}
    - target: {fileID: -927199367670048503, guid: ccdae5c2a4a8b3940acd0a45b6025abe,
        type: 3}
      propertyPath: m_Name
      value: Shadow round
      objectReference: {fileID: 0}
    m_RemovedComponents: []
  m_SourcePrefab: {fileID: 100100000, guid: ccdae5c2a4a8b3940acd0a45b6025abe, type: 3}
--- !u!4 &1741468665593318633 stripped
Transform:
  m_CorrespondingSourceObject: {fileID: -4216859302048453862, guid: ccdae5c2a4a8b3940acd0a45b6025abe,
    type: 3}
  m_PrefabInstance: {fileID: 1741468665593318632}
  m_PrefabAsset: {fileID: 0}
--- !u!1001 &1741468665953305287
PrefabInstance:
  m_ObjectHideFlags: 0
  serializedVersion: 2
  m_Modification:
    m_TransformParent: {fileID: 1185453011}
    m_Modifications:
    - target: {fileID: -4216859302048453862, guid: 22a20d559fed2d943ac830746a8811f2,
        type: 3}
      propertyPath: m_LocalPosition.x
      value: -0.59
      objectReference: {fileID: 0}
    - target: {fileID: -4216859302048453862, guid: 22a20d559fed2d943ac830746a8811f2,
        type: 3}
      propertyPath: m_LocalPosition.y
      value: 0.5
      objectReference: {fileID: 0}
    - target: {fileID: -4216859302048453862, guid: 22a20d559fed2d943ac830746a8811f2,
        type: 3}
      propertyPath: m_LocalPosition.z
      value: 1.15
      objectReference: {fileID: 0}
    - target: {fileID: -4216859302048453862, guid: 22a20d559fed2d943ac830746a8811f2,
        type: 3}
      propertyPath: m_LocalRotation.x
      value: -0.011309013
      objectReference: {fileID: 0}
    - target: {fileID: -4216859302048453862, guid: 22a20d559fed2d943ac830746a8811f2,
        type: 3}
      propertyPath: m_LocalRotation.y
      value: -0.7971445
      objectReference: {fileID: 0}
    - target: {fileID: -4216859302048453862, guid: 22a20d559fed2d943ac830746a8811f2,
        type: 3}
      propertyPath: m_LocalRotation.z
      value: -0.0015404533
      objectReference: {fileID: 0}
    - target: {fileID: -4216859302048453862, guid: 22a20d559fed2d943ac830746a8811f2,
        type: 3}
      propertyPath: m_LocalRotation.w
      value: 0.60368073
      objectReference: {fileID: 0}
    - target: {fileID: -4216859302048453862, guid: 22a20d559fed2d943ac830746a8811f2,
        type: 3}
      propertyPath: m_RootOrder
      value: 6
      objectReference: {fileID: 0}
    - target: {fileID: -4216859302048453862, guid: 22a20d559fed2d943ac830746a8811f2,
        type: 3}
      propertyPath: m_LocalEulerAnglesHint.x
      value: -1.7520001
      objectReference: {fileID: 0}
    - target: {fileID: -4216859302048453862, guid: 22a20d559fed2d943ac830746a8811f2,
        type: 3}
      propertyPath: m_LocalEulerAnglesHint.y
      value: -0.126
      objectReference: {fileID: 0}
    - target: {fileID: -4216859302048453862, guid: 22a20d559fed2d943ac830746a8811f2,
        type: 3}
      propertyPath: m_LocalEulerAnglesHint.z
      value: -14.722001
      objectReference: {fileID: 0}
    - target: {fileID: -4216859302048453862, guid: 22a20d559fed2d943ac830746a8811f2,
        type: 3}
      propertyPath: m_LocalScale.x
      value: 39.49415
      objectReference: {fileID: 0}
    - target: {fileID: -4216859302048453862, guid: 22a20d559fed2d943ac830746a8811f2,
        type: 3}
      propertyPath: m_LocalScale.y
      value: 39.49415
      objectReference: {fileID: 0}
    - target: {fileID: -4216859302048453862, guid: 22a20d559fed2d943ac830746a8811f2,
        type: 3}
      propertyPath: m_LocalScale.z
      value: 39.494144
      objectReference: {fileID: 0}
    - target: {fileID: -1504981713932161579, guid: 22a20d559fed2d943ac830746a8811f2,
        type: 3}
      propertyPath: m_Materials.Array.data[0]
      value: 
      objectReference: {fileID: 2100000, guid: c9f1d145efb30fb4eb8a7da1de6cfa97, type: 2}
    - target: {fileID: -927199367670048503, guid: 22a20d559fed2d943ac830746a8811f2,
        type: 3}
      propertyPath: m_Name
      value: Book
      objectReference: {fileID: 0}
    m_RemovedComponents: []
  m_SourcePrefab: {fileID: 100100000, guid: 22a20d559fed2d943ac830746a8811f2, type: 3}
--- !u!4 &1741468665953305288 stripped
Transform:
  m_CorrespondingSourceObject: {fileID: -4216859302048453862, guid: 22a20d559fed2d943ac830746a8811f2,
    type: 3}
  m_PrefabInstance: {fileID: 1741468665953305287}
  m_PrefabAsset: {fileID: 0}
--- !u!1001 &1741468666074081418
PrefabInstance:
  m_ObjectHideFlags: 0
  serializedVersion: 2
  m_Modification:
    m_TransformParent: {fileID: 1185453011}
    m_Modifications:
    - target: {fileID: -4216859302048453862, guid: cc8301f10fae45444934dd7319894236,
        type: 3}
      propertyPath: m_LocalPosition.x
      value: -0.9789252
      objectReference: {fileID: 0}
    - target: {fileID: -4216859302048453862, guid: cc8301f10fae45444934dd7319894236,
        type: 3}
      propertyPath: m_LocalPosition.y
      value: 0.18921515
      objectReference: {fileID: 0}
    - target: {fileID: -4216859302048453862, guid: cc8301f10fae45444934dd7319894236,
        type: 3}
      propertyPath: m_LocalPosition.z
      value: -2.3423061
      objectReference: {fileID: 0}
    - target: {fileID: -4216859302048453862, guid: cc8301f10fae45444934dd7319894236,
        type: 3}
      propertyPath: m_LocalRotation.x
      value: -0.011136979
      objectReference: {fileID: 0}
    - target: {fileID: -4216859302048453862, guid: cc8301f10fae45444934dd7319894236,
        type: 3}
      propertyPath: m_LocalRotation.y
      value: -0.74290913
      objectReference: {fileID: 0}
    - target: {fileID: -4216859302048453862, guid: cc8301f10fae45444934dd7319894236,
        type: 3}
      propertyPath: m_LocalRotation.z
      value: -0.002496792
      objectReference: {fileID: 0}
    - target: {fileID: -4216859302048453862, guid: cc8301f10fae45444934dd7319894236,
        type: 3}
      propertyPath: m_LocalRotation.w
      value: 0.669295
      objectReference: {fileID: 0}
    - target: {fileID: -4216859302048453862, guid: cc8301f10fae45444934dd7319894236,
        type: 3}
      propertyPath: m_RootOrder
      value: 8
      objectReference: {fileID: 0}
    - target: {fileID: -4216859302048453862, guid: cc8301f10fae45444934dd7319894236,
        type: 3}
      propertyPath: m_LocalEulerAnglesHint.x
      value: 0.74100006
      objectReference: {fileID: 0}
    - target: {fileID: -4216859302048453862, guid: cc8301f10fae45444934dd7319894236,
        type: 3}
      propertyPath: m_LocalEulerAnglesHint.y
      value: 9.31
      objectReference: {fileID: 0}
    - target: {fileID: -4216859302048453862, guid: cc8301f10fae45444934dd7319894236,
        type: 3}
      propertyPath: m_LocalEulerAnglesHint.z
      value: -14.806001
      objectReference: {fileID: 0}
    - target: {fileID: -4216859302048453862, guid: cc8301f10fae45444934dd7319894236,
        type: 3}
      propertyPath: m_LocalScale.x
      value: 20.112108
      objectReference: {fileID: 0}
    - target: {fileID: -4216859302048453862, guid: cc8301f10fae45444934dd7319894236,
        type: 3}
      propertyPath: m_LocalScale.y
      value: 20.112106
      objectReference: {fileID: 0}
    - target: {fileID: -4216859302048453862, guid: cc8301f10fae45444934dd7319894236,
        type: 3}
      propertyPath: m_LocalScale.z
      value: 20.112108
      objectReference: {fileID: 0}
    - target: {fileID: -1504981713932161579, guid: cc8301f10fae45444934dd7319894236,
        type: 3}
      propertyPath: m_Materials.Array.data[0]
      value: 
      objectReference: {fileID: 2100000, guid: c9f1d145efb30fb4eb8a7da1de6cfa97, type: 2}
    - target: {fileID: -927199367670048503, guid: cc8301f10fae45444934dd7319894236,
        type: 3}
      propertyPath: m_Name
      value: Spoon
      objectReference: {fileID: 0}
    m_RemovedComponents: []
  m_SourcePrefab: {fileID: 100100000, guid: cc8301f10fae45444934dd7319894236, type: 3}
--- !u!4 &1741468666074081419 stripped
Transform:
  m_CorrespondingSourceObject: {fileID: -4216859302048453862, guid: cc8301f10fae45444934dd7319894236,
    type: 3}
  m_PrefabInstance: {fileID: 1741468666074081418}
  m_PrefabAsset: {fileID: 0}
--- !u!1001 &6373566910443708064
PrefabInstance:
  m_ObjectHideFlags: 0
  serializedVersion: 2
  m_Modification:
    m_TransformParent: {fileID: 560651357}
    m_Modifications:
    - target: {fileID: 6373566910487842590, guid: fd61eb6c5666e450cb5725dd5dd19c03,
        type: 3}
      propertyPath: m_Name
      value: ProgressBar
      objectReference: {fileID: 0}
    - target: {fileID: 6373566910487842591, guid: fd61eb6c5666e450cb5725dd5dd19c03,
        type: 3}
      propertyPath: m_LocalPosition.x
      value: 0
      objectReference: {fileID: 0}
    - target: {fileID: 6373566910487842591, guid: fd61eb6c5666e450cb5725dd5dd19c03,
        type: 3}
      propertyPath: m_LocalPosition.y
      value: 0
      objectReference: {fileID: 0}
    - target: {fileID: 6373566910487842591, guid: fd61eb6c5666e450cb5725dd5dd19c03,
        type: 3}
      propertyPath: m_LocalPosition.z
      value: 0
      objectReference: {fileID: 0}
    - target: {fileID: 6373566910487842591, guid: fd61eb6c5666e450cb5725dd5dd19c03,
        type: 3}
      propertyPath: m_LocalRotation.x
      value: 0
      objectReference: {fileID: 0}
    - target: {fileID: 6373566910487842591, guid: fd61eb6c5666e450cb5725dd5dd19c03,
        type: 3}
      propertyPath: m_LocalRotation.y
      value: 0
      objectReference: {fileID: 0}
    - target: {fileID: 6373566910487842591, guid: fd61eb6c5666e450cb5725dd5dd19c03,
        type: 3}
      propertyPath: m_LocalRotation.z
      value: 0
      objectReference: {fileID: 0}
    - target: {fileID: 6373566910487842591, guid: fd61eb6c5666e450cb5725dd5dd19c03,
        type: 3}
      propertyPath: m_LocalRotation.w
      value: 1
      objectReference: {fileID: 0}
    - target: {fileID: 6373566910487842591, guid: fd61eb6c5666e450cb5725dd5dd19c03,
        type: 3}
      propertyPath: m_RootOrder
      value: 1
      objectReference: {fileID: 0}
    - target: {fileID: 6373566910487842591, guid: fd61eb6c5666e450cb5725dd5dd19c03,
        type: 3}
      propertyPath: m_LocalEulerAnglesHint.x
      value: 0
      objectReference: {fileID: 0}
    - target: {fileID: 6373566910487842591, guid: fd61eb6c5666e450cb5725dd5dd19c03,
        type: 3}
      propertyPath: m_LocalEulerAnglesHint.y
      value: 0
      objectReference: {fileID: 0}
    - target: {fileID: 6373566910487842591, guid: fd61eb6c5666e450cb5725dd5dd19c03,
        type: 3}
      propertyPath: m_LocalEulerAnglesHint.z
      value: 0
      objectReference: {fileID: 0}
    - target: {fileID: 6373566910487842591, guid: fd61eb6c5666e450cb5725dd5dd19c03,
        type: 3}
      propertyPath: m_AnchoredPosition.x
      value: 0
      objectReference: {fileID: 0}
    - target: {fileID: 6373566910487842591, guid: fd61eb6c5666e450cb5725dd5dd19c03,
        type: 3}
      propertyPath: m_AnchoredPosition.y
      value: -296
      objectReference: {fileID: 0}
    - target: {fileID: 6373566910487842591, guid: fd61eb6c5666e450cb5725dd5dd19c03,
        type: 3}
      propertyPath: m_SizeDelta.x
      value: 160
      objectReference: {fileID: 0}
    - target: {fileID: 6373566910487842591, guid: fd61eb6c5666e450cb5725dd5dd19c03,
        type: 3}
      propertyPath: m_SizeDelta.y
      value: 20
      objectReference: {fileID: 0}
    - target: {fileID: 6373566910487842591, guid: fd61eb6c5666e450cb5725dd5dd19c03,
        type: 3}
      propertyPath: m_AnchorMin.x
      value: 0.5
      objectReference: {fileID: 0}
    - target: {fileID: 6373566910487842591, guid: fd61eb6c5666e450cb5725dd5dd19c03,
        type: 3}
      propertyPath: m_AnchorMin.y
      value: 1
      objectReference: {fileID: 0}
    - target: {fileID: 6373566910487842591, guid: fd61eb6c5666e450cb5725dd5dd19c03,
        type: 3}
      propertyPath: m_AnchorMax.x
      value: 0.5
      objectReference: {fileID: 0}
    - target: {fileID: 6373566910487842591, guid: fd61eb6c5666e450cb5725dd5dd19c03,
        type: 3}
      propertyPath: m_AnchorMax.y
      value: 1
      objectReference: {fileID: 0}
    - target: {fileID: 6373566910487842591, guid: fd61eb6c5666e450cb5725dd5dd19c03,
        type: 3}
      propertyPath: m_Pivot.x
      value: 0.5
      objectReference: {fileID: 0}
    - target: {fileID: 6373566910487842591, guid: fd61eb6c5666e450cb5725dd5dd19c03,
        type: 3}
      propertyPath: m_Pivot.y
      value: 0.5
      objectReference: {fileID: 0}
    - target: {fileID: 6373566910487842656, guid: fd61eb6c5666e450cb5725dd5dd19c03,
        type: 3}
      propertyPath: m_OnValueChanged.m_PersistentCalls.m_Calls.Array.size
      value: 0
      objectReference: {fileID: 0}
    - target: {fileID: 6373566910487842656, guid: fd61eb6c5666e450cb5725dd5dd19c03,
        type: 3}
      propertyPath: m_HandleRect
      value: 
      objectReference: {fileID: 1555154242}
    - target: {fileID: 6373566910487842656, guid: fd61eb6c5666e450cb5725dd5dd19c03,
        type: 3}
      propertyPath: m_Interactable
      value: 0
      objectReference: {fileID: 0}
    - target: {fileID: 6373566910487842656, guid: fd61eb6c5666e450cb5725dd5dd19c03,
        type: 3}
      propertyPath: m_TargetGraphic
      value: 
      objectReference: {fileID: 402759452}
    - target: {fileID: 6373566910487842656, guid: fd61eb6c5666e450cb5725dd5dd19c03,
        type: 3}
      propertyPath: m_Value
      value: 0
      objectReference: {fileID: 0}
    - target: {fileID: 6373566910487842656, guid: fd61eb6c5666e450cb5725dd5dd19c03,
        type: 3}
      propertyPath: m_Colors.m_DisabledColor.a
      value: 1
      objectReference: {fileID: 0}
    - target: {fileID: 6373566910487842656, guid: fd61eb6c5666e450cb5725dd5dd19c03,
        type: 3}
      propertyPath: m_OnValueChanged.m_PersistentCalls.m_Calls.Array.data[0].m_Mode
      value: 1
      objectReference: {fileID: 0}
    - target: {fileID: 6373566910487842656, guid: fd61eb6c5666e450cb5725dd5dd19c03,
        type: 3}
      propertyPath: m_OnValueChanged.m_PersistentCalls.m_Calls.Array.data[0].m_CallState
      value: 2
      objectReference: {fileID: 0}
    - target: {fileID: 6373566910487842656, guid: fd61eb6c5666e450cb5725dd5dd19c03,
        type: 3}
      propertyPath: m_OnValueChanged.m_PersistentCalls.m_Calls.Array.data[0].m_Target
      value: 
      objectReference: {fileID: 402759449}
    - target: {fileID: 6373566910887072859, guid: fd61eb6c5666e450cb5725dd5dd19c03,
        type: 3}
      propertyPath: m_AnchorMax.y
      value: 0
      objectReference: {fileID: 0}
    - target: {fileID: 6373566910887072859, guid: fd61eb6c5666e450cb5725dd5dd19c03,
        type: 3}
      propertyPath: m_AnchorMax.x
      value: 0
      objectReference: {fileID: 0}
    m_RemovedComponents: []
  m_SourcePrefab: {fileID: 100100000, guid: fd61eb6c5666e450cb5725dd5dd19c03, type: 3}
